1877 3184
500 231 771 266 PRAEFATIO
798 232 1039 266 EDITORIS.
1458 238 1527 269 VII

39 350 140 399 post
168 358 349 385 mensem
370 343 656 384 Februarium
687 344 799 383 anni
828 342 908 383 962
938 343 986 382 in
1013 341 1159 392 Italia,
1190 342 1265 383 ubi
1286 350 1524 396 patronum

44 414 169 440 suum
198 399 502 450 comitabatur,
546 398 716 439 adiecit.
775 397 863 438 Nec
898 403 1039 437 tamen
1069 396 1226 438 librum
1256 405 1419 439 sextum
1451 401 1522 441 ab·

44 454 166 495 solvit
174 468 190 506 ;
222 466 449 495 nam·cum
479 459 585 494 certe
616 468 724 507 opus
753 453 813 493 ad
837 459 1028 506 tempora
1049 452 1175 492 exilii
1194 454 1264 493 sui
1275 455 1522 507 producen-

44 510 145 550 dum
181 511 533 564 proposuisset¹,
574 514 611 549 et
647 508 748 549 libri
787 509 896 548 sexti
936 508 1086 561 capita
1127 509 1452 564 quinquaqinta
1489 517 1526 551 et

44 564 232 619 amplius
273 564 500 605 scribenda
540 565 681 618 spatio
717 564 905 604 rubricis
936 569 993 603 tot
1023 563 1262 604 inserendis
1295 579 1428 605 vacuo
1462 579 1521 606 re-

42 619 140 661 licto
170 620 418 671 indicasset,
447 620 495 660 in
526 620 665 673 capite
705 634 818 660 nono
857 618 1054 659 substitit.
1118 616 1250 659 Cuius
1286 621 1351 659 rei
1387 635 1523 661 causa

43 676 257 730 inqruens
301 675 569 730 neyotiorum
612 674 762 726 moles,
807 680 843 714 et
886 688 1023 714 novus
1069 688 1210 714 rerum
1256 675 1381 727 ordo,
1428 691 1522 716 cum

41 730 314 785 Berenyario
341 729 515 784 fracto,
557 731 653 771 odio
693 728 966 783 satisfactum
1006 735 1110 768 esset
1150 735 1187 770 et
1225 729 1523 783 Antapodosis

42 786 164 826 haud
194 786 383 839 amplius
412 787 718 840 requireretur,
736 784 883 839 fuisse
913 785 1094 825 videtur.
1152 785 1270 825 Nam
1302 801 1420 826 anno
1442 786 1520 826 961

41 847 245 882 emeunte2
275 847 370 881 rota
402 841 637 881 *Fortunae
667 840 871 891 revoluta,
893 839 1004 892 fidei
1024 846 1061 879 et
1080 841 1351 881 servitiorum
1379 841 1524 882 Ottoni

40 902 301 937 navato‘rum
313 898 560 950 praemium
581 896 689 947 tulit,
721 896 949 936 cathedrae
974 894 1245 936 Cremonensi
1258 903 1360 950 post
1380 896 1522 951 Βαρῖ-

41 951 203 992 bertum
225 954 531 1005 praepositus;
563 957 600 992 et
628 952 829 1004 deinceps
849 952 1125 1005 qraeissimis
1148 952 1321 1005 imperii
1342 953 1524 1007 nessotiis

42 1006 250 1057 admotus,
283 1009 554 1060 praecipuas
592 1008 638 1046 in
681 1006 802 1047 rebus
846 1006 1011 1046 Italicis
1050 1011 1086 1045 et
1125 1004 1306 1047 Graecis
1339 1008 1522 1061 ayendis

35 1067 187 1116 partes
219 1064 416 1116 suscepit.
473 1061 529 1101 Et
550 1062 747 1114 primum
779 1061 949 1116 quidem
988 1066 1144 1101 aestate
1175 1063 1286 1101 anni
1316 1062 1397 1103 964
1428 1078 1520 1103 cum

40 1117 337 1158 Landohardo
368 1117 594 1158 sslindensi
629 1119 827 1170 episcopo
863 1114 1030 1171 legsatus
1068 1116 1127 1156 ad
1157 1117 1392 1158 Iohannem
1422 1118 1521 1158 XII.

38 1187 206 1227 papam
236 1174 407 1224 missus,
438 1178 525 1212 turn
565 1172 672 1213 Urbe
703 1174 954 1226 imperatori
983 1171 1170 1224 reddita,
1210 1172 1391 1214 concilio
1423 1188 1519 1214 con-

40 1234 111 1268 tra
135 1227 382 1282 pontificem
423 1227 566 1268 habito
606 1228 771 1269 adstitit
785 1234 814 1278 ⁵,
853 1234 889 1267 et
928 1228 1164 1268 orationem
1202 1228 1367 1269 Ottonis
1398 1229 1522 1269 Italis

40 1284 348 1337 interpretatus
369 1289 429 1324 est
443 1290 471 1336 ⁴,
495 1289 621 1337 atque
641 1283 776 1324 Leoni
811 1283 921 1323 VIII.
943 1283 1137 1337 eliyendo
1160 1289 1197 1323 et
1216 1284 1449 1325 Benedicto
1478 1285 1519 1325 V.

41 1339 290 1393 deponendo
331 1339 451 1380 haud
488 1339 614 1380 dubie
646 1337 892 1392 interfuisse
926 1339 1164 1379 credendus
1193 1345 1264 1379 est.
1327 1338 1523 1386 Quarum

40 1409 185 1435 rerum
214 1395 441 1435 historiam
474 1394 572 1434 inde
604 1396 654 1434 ab
687 1409 803 1435 anno
824 1394 906 1434 960
937 1409 1068 1449 ¹usque
1100 1394 1159 1434 ad
1180 1395 1289 1435 diem
1310 1395 1375 1437 23.
1400 1396 1522 1435 Iunii

40 1451 152 1491 anni
181 1449 264 1490 964
294 1451 383 1504 ipse
407 1464 619 1504 praesens
647 1455 685 1490 et
718 1450 881 1490 medias
923 1451 1033 1490 inter
1072 1456 1167 1490 res⁵
1199 1465 1316 1491 (irino
1347 1449 1428 1491 964
1460 1451 1522 1491 vet

16 1506 166 1547 ,initio
198 1507 309 1546 anni
337 1507 562 1559 sequentis,
593 1505 730 1545 Leone
758 1505 870 1545 VIII.
891 1505 1116 1558 superstite
1129 1512 1158 1556 ⁶,
1192 1505 1314 1545 iussu
1336 1507 1518 1559 impera-

36 1562 143 1602 toris
184 1562 440 1615 composuit,
480 1567 527 1601 ut
568 1567 665 1601 acta
704 1562 796 1600 eius
827 1560 1031 1601 Romana
1060 1560 1280 1614 probaret,
1321 1575 1429 1614 opus
1467 1562 1517 1602 ab

36 1616 311 1670 Antapodosi
347 1616 574 1665 diversum,
611 1616 846 1656 maturiore
883 1616 1080 1670 inqenio,
1118 1615 1212 1656 stilo
1249 1617 1452 1670 yraviore
1483 1623 1520 1657 et

35 1673 179 1726 mayis
224 1672 452 1724 composito
498 1672 573 1725 qui
618 1677 759 1728 tamen
804 1671 1145 1724 Liudprandmn
1187 1676 1298 1711 totus
1341 1671 1517 1725 referat,

36 1728 182 1767 animo
203 1727 409 1780 scriptum
426 1741 513 1766 non
535 1726 783 1766 adversarii
805 1726 879 1765 sed
905 1728 1155 1779 spectatoris
1168 1734 1195 1765 ⁷.
1242 1726 1454 1767 Servatur
1470 1729 1515 1768 in

34 1783 175 1823 eodem
195 1782 339 1823 codice
361 1782 635 1836 autoqrapho
658 1796 778 1835 quem
799 1782 1000 1822 mcznibus
1021 1783 1211 1831 terimus,
1232 1781 1357 1822 libris
1377 1782 1515 1823 Anta-

25 1838 238 1892 podoseos
269 1837 534 1891 praefiaeurn,
571 1837 647 1877 sed
681 1842 726 1877 in
769 1836 910 1876 media
939 1838 1149 1877 sententia
1178 1836 1391 1888 deficiens,
1422 1852 1517 1878 cum

33 1899 175 1934 tamen
230 1893 422 1946 spatium
470 1897 718 1946 superesset.
804 1890 934 1932 Circa
984 1892 1096 1933 idem
1144 1898 1309 1945 tempus
1358 1907 1516 1946 corpus

33 1948 79 1990 S.
118 1948 339 2003 Hymerii,
379 1946 643 1989 Ameriensis
687 1947 900 2001 episcopi,
950 1946 1202 1989 Cremonam
1241 1948 1516 1989 transtulisse

32 2004 226 2055 videtur,
271 2004 396 2045 cuius
439 2005 503 2044 rei
548 2004 773 2044 historiam
818 2004 1079 2044 succinctam
1116 2017 1167 2043 esc
1207 2005 1337 2044 veteri
1373 2004 1515 2044 codice

41 2059 262 2115 Uyhellius
291 2059 465 2111 ediditss,
497 2065 532 2100 et
563 2058 600 2099 6.
629 2058 730 2099 Kal.
762 2058 919 2100 Martii·
949 2074 989 2099 a.
1020 2058 1102 2100 965
1131 2064 1271 2099 terras
1303 2060 1516 2114 quasdam

34 2176 69 2218 1)
104 2179 142 2210 II
191 2189 220 2210 c.
259 2178 314 2209 73.
379 2178 436 2210 III
483 2189 513 2211 c.
549 2178 594 2209 20
642 2178 700 2211 fin.
744 2179 794 2210 IV
834 2189 863 2210 e.
903 2178 959 2209 13.
1025 2177 1075 2209 IV
1117 2188 1146 2211 c,
1189 2178 1244 2210 15.
1309 2179 1341 2211 V
1381 2189 1411 2211 e.
1456 2179 1514 2211 30.

31 2225 70 2268 2)
97 2227 192 2258 Mon.
220 2227 302 2258 hist.
329 2231 417 2270 patr.
445 2227 548 2267 XIII,
578 2227 686 2258 1120:
724 2226 884 2259 ‘domnus
911 2225 1150 2268 Liutprandus
1179 2228 1366 2270 episeopus
1394 2231 1515 2259 sancte

32 2274 278 2307 Cremonensis
306 2275 468 2307 ecclesie'
491 2275 678 2316 Pelegrino
706 2275 798 2307 bona
818 2276 1046 2307 commutavit
1065 2285 1096 2306 a.
1117 2275 1185 2306 962
1207 2275 1264 2307 die
1286 2276 1340 2307 14.
1359 2276 1515 2308 Ianuarii

29 2333 139 2356 mens.
181 2324 309 2356 Ottone
337 2325 539 2356 etiamnunc
564 2334 661 2366 rege.
764 2322 801 2365 3)
820 2323 914 2356 Hist.
934 2324 1073 2356 Ottonis
1100 2334 1130 2355 c.
1155 2324 1218 2355 10:
1247 2325 1515 2366 ‘potuissemusn

30 2370 68 2413 4)
95 2372 188 2404 Hist.
217 2373 356 2405 Ottonis
383 2383 414 2405 c.
443 2373 499 2404 11.
617 2372 655 2414 5)
682 2372 774 2405 Hist.
803 2373 874 2405 Ott.
905 2371 959 2404 18.
989 2371 1032 2403 de
1058 2372 1227 2404 Iohannis
1254 2373 1336 2406 XII.
1371 2373 1514 2404 interitu

30 2420 64 2453 ‘a
90 2421 164 2452 suis
191 2422 350 2465 cognatis
378 2425 413 2453 et
438 2420 671 2453 familiaribus
699 2422 758 2463 qui
785 2424 966 2463 presentes
995 2424 1104 2460 erant,
1136 2431 1308 2464 persaepe
1335 2421 1397 2453 sub
1426 2425 1512 2452 atte-

30 2469 182 2501 statione
215 2469 435 2502 audivimus'.
536 2468 573 2511 6)
601 2470 653 2502 Ib.
683 2469 715 2501 6.
745 2470 914 2502 ‘Leonem
948 2479 1042 2500 nunc
1074 2471 1111 2500 in
1145 2469 1269 2501 eadem
1306 2469 1391 2501 sede
1418 2469 1514 2500 beati

30 2517 127 2550 Petri
153 2518 392 2560 apostolorum
417 2517 613 2551 vicarium’.
656 2518 731 2550 Leo
759 2529 791 2550 a.
810 2518 879 2549 963
905 2517 938 2550 d.
963 2517 996 2550 6.
1014 2518 1106 2550 Dec.
1135 2521 1372 2557 consecratus,
1392 2527 1512 2549 mense

29 2566 157 2598 Martio
184 2577 217 2600 a.
244 2566 314 2598 965
342 2567 441 2600 obiit.
535 2566 571 2608 7)
598 2565 686 2598 Ideo
712 2567 763 2598 ibi
786 2566 829 2599 de
848 2577 886 2599 se
905 2567 980 2609 ipso
1000 2567 1036 2597 in
1055 2576 1206 2609 persona
1224 2566 1329 2598 tertia
1346 2565 1512 2608 loquitur.

30 2612 68 2656 8)
96 2615 189 2647 ‘Fuit
213 2616 250 2647 in
275 2615 399 2648 diebus
426 2615 575 2648 Othonis
608 2615 751 2648 maioris
779 2615 966 2647 clarissimi
999 2615 1220 2657 imperatoris
1255 2613 1399 2655 quidam
1428 2614 1511 2646 Cre—

27 2664 206 2696 monensis
233 2665 419 2707 episcopus
447 2663 561 2696 bonae
587 2665 778 2696 memoriae
796 2664 918 2704 Liuzo,
944 2664 1087 2695 intimus
1113 2663 1295 2695 summista
1319 2663 1449 2704 regius,
1476 2662 1513 2693 in

30 2711 177 2744 consilio
211 2713 390 2755 providus,
420 2723 538 2745 amore
574 2712 693 2744 divino
730 2712 882 2755 denique
914 2711 1081 2754 repletus,
1115 2715 1153 2743 ut
1186 2711 1274 2743 tanti
1300 2711 1411 2753 patris
1437 2711 1511 2752 Hy-

29 2760 130 2792 merii
155 2761 318 2793 inventor
345 2764 380 2794 et
404 2762 551 2804 portitor
576 2760 676 2793 fieret
702 2760 828 2794 almus.
881 2761 950 2800 Qui
977 2770 1054 2791 cum
1081 2760 1282 2801 frequenter
1307 2758 1512 2800 ingrediens

30 2812 65 2840 et
91 2809 211 2841 exiens
229 2819 249 2841 a
266 2809 358 2841 faeie
376 2810 487 2851 regia,
506 2809 657 2842 fideliter
675 2819 784 2852 agens
804 2819 888 2851 erga
905 2812 1097 2851 praecepta
1115 2807 1325 2851 imperialia,
1343 2808 1511 2840 Romanis

28 2857 162 2890 inesset
186 2858 355 2901 partibus,
381 2859 479 2891 venit
505 2858 551 2890 ad
579 2868 658 2891 eum
683 2858 922 2911 Americqnsis
958 2858 1161 2900 episeopus,
1197 2866 1301 2899 quem
1335 2855 1512 2888 malevola

1538 843 1546 852 ”
1558 853 1586 876 p.
1601 847 1666 873 266.
