1878 3201
289 184 356 215 130
528 180 827 213 LIUDPRANDI
853 178 1079 212 HISTORIA
1107 177 1320 212 OTTONIS.
1374 178 1525 210 10—11.

205 308 269 335 963.
285 293 441 334 hannes
472 292 694 347 episcopus
723 290 977 343 Narniensis,
1007 295 1048 330 et
1067 289 1272 330 Iohannes
1293 287 1514 330 cardinalis
1535 288 1748 343 diaconus,

286 364 329 391 se
358 348 513 391 vidisse
541 346 658 388 illum
688 346 906 387 diaconem
935 345 1149 386 ordinasse
1170 346 1213 385 in
1235 359 1438 400 equorum
1459 343 1635 397 stabulo,
1666 359 1751 386 non

286 405 408 446 certis
437 403 708 458 temporibus,
746 409 843 442 simt
870 401 1059 456 professi.
1122 400 1374 442 Benedictus
1411 399 1632 441 cardinalis
1663 400 1750 441 dia-

286 475 414 502 eonus
445 474 540 500 cum
570 458 718 499 ceteris
750 456 1076 498 condiaconibus
1107 463 1147 496 et
1176 456 1415 511 presbiteris
1455 456 1664 508 dixerunt,
1707 471 1750 497 se

285 517 402 569 seire,
433 514 546 570 quod
576 512 856 554 ordinationes
886 511 1177 566 episcoporum
1207 512 1349 567 precio
1379 512 1546 564 faceret,
1578 518 1619 553 et
1640 511 1753 566 quod

285 585 490 613 annorum
521 570 666 610 decem
697 568 942 622 episcopum
976 568 1020 606 in
1056 566 1285 607 Tudertina
1322 568 1489 609 civitate
1529 567 1751 608 ordinaret.

285 627 352 668 De
384 624 600 679 sacrilegio
630 623 828 664 dixerunt
856 636 941 662 non
961 637 1050 663 esse
1070 637 1240 664 necesse
1260 624 1509 678 percontari,
1541 623 1639 678 quia
1659 621 1754 677 plus

285 681 465 724 videndo
512 694 636 735 quam
679 677 885 719 audiendo
930 678 1034 718 scire
1077 679 1371 733 potuissemus.
1438 678 1505 719 De
1549 677 1752 720 adulterio

287 738 495 787 dixerunt,
537 734 649 790 quod
681 733 810 775 oculis
847 747 932 774 non
971 733 1173 785 viderent,
1210 733 1283 774 sed
1321 734 1550 775 certissime
1589 734 1753 785 seirent,

285 793 456 835 viduam
484 789 670 832 Rainerii
698 795 739 830 et
768 788 1025 844 Stephanam
1054 789 1182 844 patris
1214 789 1490 830 concubinam
1522 795 1562 830 et
1586 788 1754 829 Annam

285 848 460 890 viduam
491 861 588 887 cum
616 852 742 900 nepte
774 859 848 886 sua
887 844 1065 886 abusum
1103 860 1206 897 esse,
1246 851 1287 886 et
1327 850 1517 885 sanctum
1552 843 1755 899 palatium

284 904 461 959 lupanar
490 909 531 943 et
558 899 835 957 prostibulum
856 900 1016 942 fecisse.
1074 900 1351 942 Venationem
1373 899 1570 941 dixerunt
1588 898 1756 955 publice

287 958 541 1010 exercuisse,
581 955 857 997 Benedictum
888 955 1116 1012 spiritalem
1146 971 1267 997 suum
1297 963 1459 1011 patrem
1487 955 1644 996 lumine
1674 955 1756 1010 pri-

285 1030 417 1067 vasse,
461 1020 502 1055 et
544 1027 643 1053 mox
683 1018 893 1053 mortuum
936 1027 1046 1065 esse,
1091 1011 1319 1053 Iohannem
1364 1010 1616 1052 cardinalem
1662 1009 1757 1051 sub-

287 1070 507 1112 diaconem
527 1068 719 1110 virilibus
739 1068 965 1122 amputatis
997 1067 1220 1120 occidisse3
1251 1067 1446 1109 incendia
1473 1067 1634 1119 fecisse,
1657 1080 1756 1107 ense

287 1127 539 1177 accinctum,
569 1123 689 1179 galea
719 1130 760 1165 et
788 1122 944 1164 luricaa
974 1123 1165 1165 indutum
1197 1138 1299 1177 esse,
1331 1123 1472 1165 testati
1502 1129 1609 1164 sunt.
1654 1121 1756 1162 Dia-

285 1181 371 1224 boli
400 1182 443 1222 in
472 1194 657 1221 amorem
686 1180 833 1220 vinum
862 1178 1033 1231 bibisse,
1064 1194 1207 1220 omnes
1236 1185 1321 1220 tam
1353 1179 1494 1221 clerici
1515 1192 1641 1234 quam
1660 1177 1758 1218 laici

286 1237 583 1279 acclamarunt.
650 1235 701 1276 Iu
738 1234 836 1275 ludo
872 1234 986 1276 aleae
1029 1235 1159 1288 Iovis,
1199 1235 1395 1288 Veneris,
1441 1241 1757 1289 ceterarumque

287 1293 512 1335 demonum
553 1291 805 1332 adiutorium
847 1291 1108 1346 poposcisse,
1162 1290 1371 1332 dixerunt.
1443 1290 1672 1332 Matutinas
1717 1294 1759 1330 et

287 1348 511 1390 canonicas
550 1345 673 1387 horas
711 1360 796 1386 non
837 1347 947 1386 enim
987 1346 1233 1399 celebrasse,
1272 1361 1350 1388 nec
1389 1347 1507 1401 signo
1546 1346 1682 1387 crucis
1713 1359 1758 1386 se

288 1403 510 1456 monisseb,
539 1401 715 1456 professi
746 1407 851 1442 sunt.

403 1460 465 1499 11.
509 1458 588 1498 His
618 1456 771 1497 auditis
801 1457 1039 1511 imperator,
1080 1458 1177 1512 quia
1207 1457 1386 1497 Romani
1428 1457 1515 1497 eius
1551 1454 1760 1511 loquelam

290 1514 516 1571 propriam,
552 1513 633 1553 hoc
668 1519 730 1553 est
770 1511 1036 1565 Saxonicam,
1068 1511 1308 1566 intellegere
1346 1511 1594 1568 nequibant,
1631 1509 1760 1551 Liud-

289 1570 450 1626 prando
491 1568 765 1611 Cremonensi
807 1568 1005 1623 episcopo
1044 1569 1246 1624 precepit,
1290 1574 1336 1609 ut
1373 1568 1524 1609 Latino
1569 1580 1760 1608 sermone

291 1627 394 1668 haec
424 1626 624 1667 Romanis
654 1622 847 1665 omnibus
880 1638 987 1679 quae
1017 1631 1215 1665 secuntur
1251 1625 1515 1679 exprimeret.
1574 1623 1760 1677 Surgens

222 1688 278 1725 (8-)
292 1683 433 1738 itaque
454 1681 513 1722 sic
535 1681 664 1736 cepit:
696 1680 890 1735 ‘Persepe
912 1680 1100 1735 contigit,
1131 1687 1172 1721 et
1190 1679 1312 1721 nobis
1333 1680 1515 1735 expertis
1538 1677 1762 1731 eredimus,

291 1745 338 1780 ut
365 1740 409 1779 in
437 1736 709 1792 dignitatibus
749 1736 962 1778 constituti
1001 1735 1237 1776 invidorum
1272 1735 1443 1776 infamia
1481 1733 1761 1787 maculentur3

292 1793 485 1850 displicet
503 1792 638 1834 bonus
659 1791 792 1844 malis,
823 1791 1177 1847 quemadmodum
1206 1798 1246 1833 et
1274 1791 1408 1832 malus
1436 1789 1571 1832 bonis.
1619 1788 1762 1845 Atque

291 1850 371 1891 hoc
399 1850 460 1890 rei
489 1855 562 1901 est,
593 1847 707 1903 quod
735 1847 842 1888 hanc
871 1847 914 1887 in
943 1861 1098 1902 papam
1127 1848 1450 1899 accusationem,
1483 1860 1609 1902 quam
1634 1844 1761 1886 modo

292 1904 547 1947 Benedictus
579 1902 802 1944 cardinalis
824 1903 1022 1944 diaconus
1043 1902 1143 1959 legit
1164 1909 1204 1944 et
1223 1903 1440 1944 vobiscum
1460 1902 1570 1955 fecit,
1601 1900 1761 1956 amphi-

292 1960 433 2004 bolam
461 1961 700 2012 retinemus,
730 1959 888 2012 incerti,
926 1964 1067 1999 utrum
1104 1958 1193 1999 zelo
1232 1959 1414 1999 iustitiae
1451 1972 1505 1998 an
1533 1956 1760 2012 impietatis

292 2016 422 2058 livore
451 2021 754 2071 prorumperet.
811 2014 935 2056 Unde
964 2014 1066 2055 mihi
1089 2014 1262 2069 indigno
1284 2013 1517 2056 seeundum
1538 2025 1762 2054 concessae

294 2072 508 2128 dignitatis
528 2071 819 2112 auctoritatem
840 2085 983 2111 omnes
1006 2070 1191 2111 obtestor
1210 2085 1285 2125 per
1305 2071 1441 2122 deum,
1463 2083 1588 2125 quem
1608 2066 1762 2122 fallere,

294 2128 373 2170 etsi
401 2126 501 2180 vult,
540 2141 663 2168 nemo
693 2132 843 2182 postet,
882 2132 1154 2182 sanctamque
1191 2127 1281 2167 eius
1315 2126 1560 2180 genitricem
1590 2125 1762 2166 inteme-

294 2191 427 2225 ratam
456 2183 661 2237 virginem
692 2182 880 2235 Mariam,
911 2196 1068 2237 perque
1092 2182 1448 2237 preciosissimum
1475 2179 1761 2237 apostolorum

293 2239 495 2295 principis
525 2253 688 2293 corpus,
718 2239 762 2278 in
792 2239 909 2278 cuius
941 2238 1043 2278 haec
1072 2238 1297 2280 recitantur
1326 2236 1488 2290 eclesia,
1518 2243 1565 2278 ut
1583 2234 1698 2277 nulla
1717 2236 1761 2275 in

296 2296 495 2337 domnum
525 2308 680 2350 papam
709 2293 943 2335 iaculentur
974 2294 1167 2345 convitia,
1207 2307 1314 2348 quae
1352 2307 1436 2334 non
1474 2294 1557 2334 sint
1585 2292 1638 2333 ab
1667 2293 1762 2347 ipso

293 2357 459 2406 patrata
500 2356 626 2404 atque
671 2365 696 2391 a
729 2350 830 2390 viris
874 2350 1178 2404 probatissimis
1222 2350 1337 2390 visa'.
1395 2349 1515 2390 Tunc
1558 2347 1760 2403 episcopi,

293 2405 527 2462 presbiteri,
548 2406 726 2458 diaconi,
752 2405 1020 2460 reliquusque
1042 2404 1188 2457 clerus,
1219 2412 1259 2446 et
1280 2411 1455 2446 cunctus
1475 2405 1760 2445 Romanorum

294 2461 474 2517 populus
505 2462 623 2517 quasi
658 2462 723 2502 vir
759 2475 865 2502 unus
902 2460 1118 2502 dixerunt:
1163 2460 1223 2500 ‘Si
1252 2474 1337 2501 non
1375 2468 1416 2501 et
1446 2474 1551 2515 quae
1580 2473 1656 2514 per
1684 2459 1762 2499 Be-

294 2517 507 2558 nedictum
537 2517 756 2558 diaconem
785 2516 892 2558 lecta
921 2523 1028 2569 sunt,
1067 2516 1214 2570 hisque
1252 2517 1440 2571 turpiora
1478 2523 1518 2557 et
1556 2513 1762 2570 ampliora

295 2572 532 2615 Iohannese
561 2587 673 2628 papa
700 2573 872 2627 indigna
903 2572 1110 2614 commisit
1137 2572 1334 2624 facinora,
1364 2586 1448 2612 non
1478 2585 1551 2612 nos
1582 2584 1607 2610 a
1637 2569 1761 2611 delie-

295 2635 432 2670 torum
474 2627 651 2669 vinculis
695 2627 884 2669 absolvat
927 2626 1208 2683 apostolorum
1256 2628 1451 2682 princeps
1494 2626 1761 2668 beatissimus

296 2685 456 2737 Petrus,
488 2686 559 2740 qui
587 2684 716 2726 verbo
747 2683 883 2738 celum
912 2684 1095 2739 indignis
1127 2682 1292 2736 claudit,
1332 2683 1451 2724 iustis
1491 2683 1645 2738 aperit,
1687 2681 1760 2723 sed

297 2740 425 2781 simus
456 2739 729 2781 anathematis
757 2738 924 2781 vinculo
961 2739 1161 2792 innodati,
1200 2746 1324 2795 atque
1360 2740 1403 2779 in
1439 2738 1506 2780 die
1535 2737 1763 2780 novissima

298 2822 326 2857 a)
351 2825 368 2849 ι’.
391 2832 412 2850 e.
436 2825 539 2851 lorica.
619 2823 648 2856 b)
674 2825 690 2852 z'.
712 2832 733 2850 e.
758 2825 901 2850 munisse.
985 2823 1011 2856 e)
1034 2824 1165 2849 iohanne
1189 2825 1216 2850 1.
