1902 3200
190 220 487 255 LIUDPRANDI
513 219 856 252 ANTAPODOSIS.
910 220 1001 252 LIB.
1029 220 1087 252 IV.
1145 221 1296 254 15—16.
1444 221 1488 253 87

10 334 102 374 viro
134 347 210 374 suo
241 331 373 372 filium
413 329 589 384 peperit,
634 343 759 383 quem
798 330 966 370 vocavit
1007 328 1304 381 OTTONEM,
1350 332 1488 383 istum,

12 389 199 443 inquam,
232 387 350 428 cuius
381 384 527 425 mundi
565 391 703 439 partes
739 383 994 439 aquilonaris
1026 391 1066 426 ct
1097 384 1274 426 occidua
1304 387 1489 439 potentia

11 449 225 498 reguntur,
256 441 486 495 sapientiaa
516 438 805 494 pacificantur,
836 438 1036 494 religione
1057 439 1276 492 laetantur,
1307 441 1489 495 iustique

12 498 157 539 iudicii
188 497 408 538 severitate
438 501 657 536 terrentur.
727 495 827 535 Post
865 495 1024 549 regiam
1062 503 1202 537 autem
1243 495 1488 549 dignitatem

11 554 115 594 duos
145 548 320 607 peperit,
351 565 483 591 unum
514 565 639 605 quem
669 550 799 604 patris
829 551 999 591 nomine
1028 551 1200 592 vocavit
1228 550 1490 602 Heinrieum,

11 607 163 649 facetia
193 607 292 647 satis
323 612 528 657 ornatum,
566 606 751 646 consiliis
782 605 1018 659 providum,
1058 605 1196 647 vultus
1236 606 1369 647 nitore
1400 620 1491 660 gra-

12 663 179 715 tiosum,
225 660 445 703 oculorum
484 661 703 716 vigilantia
753 660 990 715 placidum,
1041 661 1160 702 cuius
1210 661 1367 702 recenti
1416 674 1490 715 pro

11 717 182 759 funere1
214 731 298 758 non
329 716 563 758 mediocres
592 716 730 757 adhuc
760 716 954 757 lacrimas
984 716 1212 758 fundimus.
1273 716 1642 757 *Te1·ciu1n·1›.320.

12 772 163 814 deinde
192 773 338 813 Bruno
368 773 560 813 nomine2
601 786 726 827 quem
757 778 875 827 pater
905 779 1087 825 sanctus',
1130 772 1329 827 quoniam
1360 771 1492 813 Nord-

12 829 156 870 manni
186 828 500 869 Traiectensem
532 827 825 869 destruxerant
857 828 1026 868 omnino
1057 828 1265 880 eclesiam,
1303 827 1355 869 ob
1387 828 1493 869 eius-

12 883 109 925 dem
140 883 501 939 recuperationem
539 881 675 923 eidem
712 882 844 924 voluit
882 882 1072 924 militare.
1133 883 1291 924 Verum
1324 889 1369 924 ut
1398 883 1493 924 isto-

13 954 107 981 rum
145 947 264 981 actus
304 939 390 980 suis
430 939 472 978 in
509 937 612 979 locis
649 937 772 980 latius
814 938 1088 994 explicemus,
1138 939 1192 980 ad
1228 939 1493 994 propositum

12 995 247 1037 redeamus.

128 1052 191 1092 16.
251 1050 445 1101 Quantae
466 1048 592 1089 fuerit
612 1048 860 1103 prudentiae
883 1055 1149 1104 quantaeque
1171 1063 1247 1089 rex
1268 1049 1494 1090 Heinricus
1509 1063 1575 1090 1136.

13 1105 201 1157 scientie,
232 1104 331 1145 hinc
360 1104 531 1159 probari
560 1110 709 1158 potest,
741 1103 854 1159 quod
875 1104 1141 1158 potissimum
1162 1118 1211 1145 ac
1233 1103 1495 1159 religiosissi-

13 1175 129 1201 mum
174 1167 377 1201 natorum·
413 1173 583 1200 suorum
615 1174 757 1213 regem
795 1160 1025 1201 constituit.
1087 1159 1340 1201 Innninebat
1369 1159 1494 1211 enim,

12 1230 89 1256 rex
116 1215 454 1271 prudentissime,
495 1214 613 1255 obitu
653 1221 723 1256 tuo
763 1215 890 1256 totius
921 1213 1067 1270 populi
1107 1229 1240 1267 casus,
1282 1215 1315 1255 si
1355 1221 1495 1256 tantus

13 1271 154 1327 regiae
183 1271 376 1326 dignitati
414 1284 497 1311 non
538 1269 697 1311 subiret
727 1270 924 1312 vicarius.
994 1270 1089 1322 Qua
1122 1286 1175 1312 ex
1205 1287 1249 1312 re
1281 1271 1323 1311 in
1355 1270 1494 1312 ambo-

12 1341 105 1367 rum
135 1326 258 1368 laude
290 1326 365 1367 hos
395 1326 618 1381 pangimus
647 1340 813 1366 versus:

291 1382 388 1436 Ipse
419 1382 491 1437 qui
522 1381 701 1422 condam
732 1396 931 1437 superare
961 1387 1107 1436 gentes

293 1438 450 1492 Impias
480 1436 588 1478 bello
620 1436 764 1478 solitus
796 1442 981 1489 cruento,

294 1493 499 1535 Novimus
530 1506 652 1544 nunc,
684 1507 772 1545 rex,
805 1492 970 1534 dederis
1000 1491 1166 1547 popello

294 1549 429 1590 Morte
460 1555 505 1590 tu
536 1555 713 1603 quantas
744 1549 917 1603 propria
947 1549 1087 1589 ruinas
1098 1555 1126 1589 ³.

242 1617 261 1647 5
295 1604 438 1645 Turba
468 1604 659 1644 certatim
688 1604 862 1645 viduata
891 1603 995 1644 karo

294 1660 423 1714 Rege,
454 1660 537 1700 iam
569 1665 703 1700 cesset
730 1658 962 1712 lacrimare,
995 1658 1163 1714 quando

295 1714 414 1756 Alter
443 1715 613 1769 exurgit
641 1714 905 1755 venerandus
936 1714 1038 1764 orbi,

295 1769 440 1822 Filius,
471 1770 579 1824 patri
610 1769 756 1810 s'imilis
789 1770 943 1810 cluenti

297 1826 398 1867 Otto
429 1839 516 1877 rex,
548 1832 695 1879 gentes
725 1825 890 1866 dicione
921 1840 1073 1880 magna

219 1892 262 1924 10
297 1881 381 1933 Qui
412 1887 586 1936 premet,
616 1894 850 1936 pacemque
880 1880 984 1922 feret
1014 1881 1192 1922 beatam.

296 1936 511 1991 Quicquid
542 1936 735 1977 Heinrici
778 1936 891 1977 101111
920 1951 1104 1989 recessu,

296 1993 484 2034 Prestitit
514 1991 626 2033 claro
657 1951 826 2047 popiilis
856 1990 925 2032 hic
956 1998 1060 2044 ort-u,

296 2046 485 2088 Blandus
517 2054 557 2089 et
587 2048 699 2088 mitis
730 2047 978 2103 patiensque
1011 2047 1180 2100 sanctis,

295 2103 475 2145 Pestifer
505 2102 661 2143 durusb
692 2102 948 2158 rabidusque
979 2103 1127 2144 saevis.

222 2171 263 2202 15
298 2157 415 2200 Bella
444 2157 652 2199 nonnullis
683 2158 759 2199 tibi
789 2166 887 2200 sunt
915 2157 1121 2214 gerenda,

299 2214 368 2255 Ex
399 2214 551 2269 quibus
585 2228 739 2255 nomen
769 2213 955 2255 referens
985 2217 1028 2254 in
1058 2221 1183 2266 astra,

301 2269 465 2311 Cuncta
495 2268 678 2311 calcabis
741 2269 888 2310 edibus
920 2284 995 2325 per
1025 2269 1183 2321 orbem,

300 2325 421 2377 Quae
451 2324 602 2379 premit
631 2284 774 2366 tardiis
805 2324 974 2366 radians
1004 2325 1196 2376 Bootes⁴‚

298 2381 354 2422 Et
385 2381 537 2435 quibus
568 2394 721 2421 nomen
751 2379 868 2422 dedit
896 2381 1063 2436 Hesper
1093 2379 1244 2421 almus:

216 2447 265 2480 20
299 2436 470 2477 Lucifer
498 2450 642 2477 rursus
672 2436 882 2477 vocitatus
914 2436 1039 2489 idem,

297 2491 465 2547 Surgitc
495 2491 607 2533 Eoo*
639 2505 870 2548 properans
902 2492 1149 2533 coruscod5.
1520 2512 1597 2540 ’πῃ
1621 2521 1697 2539 cum,

22 2600 50 2632 a)
71 2601 222 2632 sapientia
246 2601 271 2625 1.
352 2600 381 2633 b)
410 2600 491 2625 duris
516 2599 563 2625 5a.
645 2599 672 2632 e)
689 2599 793 2631 Surgit
810 2600 928 2626 scilicet
950 2608 1017 2625 cum
1039 2607 1094 2625 eoo
1115 2600 1141 2624 2.
1164 2598 1267 2629 Surgit
1287 2597 1339 2622 sed
1362 2603 1429 2621 cum
1448 2602 1503 2620 eoo

22 2639 68 2666 53..
83 2647 146 2665 voce
164 2647 187 2666 s,
209 2639 347 2673 (scilicet)
360 2640 430 2665 male
447 2639 594 2664 intellecta.
668 2640 699 2673 d)
712 2639 823 2664 ultimae
839 2640 961 2671 syllabae
972 2640 1056 2664 huius
1068 2639 1142 2664 vocis
1155 2636 1374 2669 superscripffum
1388 2642 1420 2659 sa
1435 2636 1459 2660 1.
1477 2635 1501 2659 2.

26 2725 60 2768 1)
90 2737 120 2759 a.
149 2726 231 2760 955.
257 2727 346 2761 Nov.
376 2728 408 2760 1.
484 2726 521 2769 2)
550 2727 649 2759 Obiit
676 2728 708 2759 d.
731 2727 784 2759 11.
805 2727 883 2760 Oct.
902 2727 985 2758 965.
1037 2727 1092 2758 De
1118 2725 1281 2756 Traiecto
1308 2726 1504 2756 restaurato

25 2775 69 2809 cf.
98 2775 268 2817 Ruotgeri
294 2777 402 2809 vitam
425 2776 578 2808 Brunon.
600 2786 630 2808 0.
650 2775 683 2807 4.
762 2773 799 2815 3)
829 2774 881 2807 Cf.
909 2775 1025 2807 Boetii
1051 2774 1142 2806 Phil.
1172 2772 1313 2805 Consol.
1341 2772 1378 2804 ΙΙ
1407 2782 1435 2803 0.
1465 2771 1505 2803 6:

23 2824 193 2857 Novimus
221 2829 368 2867 quantas
396 2824 534 2857 dederit
559 2825 721 2857 ruinas...
740 2824 862 2855 Fratre
891 2824 950 2865 qui
978 2821 1153 2865 quondam
1173 2821 1266 2854 ferus
1284 2821 1506 2863 interempto.

25 2873 60 2913 4)
89 2873 235 2905 Boetius
261 2873 286 2906 1.
312 2874 337 2907 l.
365 2874 427 2914 IV,
454 2874 485 2913 5,
512 2873 553 2904 3:
608 2872 678 2905 Cur
704 2872 801 2914 legat
826 2871 945 2904 tardus
974 2871 1125 2904 claustra
1152 2870 1295 2903 Bootes.
1387 2868 1424 2911 5)
1454 2868 1507 2901 Cf.

22 2921 181 2955 Senecae
207 2922 372 2955 Phaedra
398 2933 430 2954 v.
461 2921 660 2953 757—760.
