1902 3200
275 247 574 281 LIUDPRANDI
599 245 942 279 ANTAPODOSIS.
993 246 1085 279 LIB.
1113 248 1155 280 V.
1210 248 1363 280 :Ti—⁴29.
1491 251 1557 282 115

82 359 213 412 avari,
245 359 316 413 qui
344 357 524 397 incertas
553 361 678 411 atque
708 356 753 397 in
784 370 882 397 casu
903 357 1060 410 positas
1072 358 1368 420 ‘possessiones
1389 357 1555 412 habent,
1570 374 1637 398 945.

83 422 123 456 et
151 414 246 469 plus
277 426 441 467 semper
469 416 686 467 appetunt,
725 426 803 452 nec
834 425 979 452 eorum
1010 420 1264 468 qulsquama
1294 411 1461 453 adhueb
1494 415 1554 454 in-

82 476 230 510 ventus
269 473 344 520 est,
385 467 481 507 cui⁰
521 466 634 522 quod
674 466 858 520 haberet,
898 472 1008 508 esset
1046 467 1159 519 satis,
1194 481 1279 507 non
1317 468 1442 509 modo
1473 484 1557 509 non

82 524 242 579 copiosi
285 522 448 574 di'viteS,
488 522 561 563 sed
601 523 726 564 etiam
764 523 911 577 inopes
952 536 1002 563 ac
1041 536 1248 577 pauperes
1288 523 1557 565 existimandi

81 586 188 622 sunt.
249 577 336 620 Soli
376 578 487 619 enim
527 584 625 618 sunt
663 577 828 630 divites,
867 583 909 618 et
936 577 1171 618 fructuosas
1201 592 1251 619 ac
1282 579 1556 634 sempiternas

79 634 295 691 possident
324 649 403 686 res,
436 634 508 689 qui
539 634 625 674 suis
646 634 771 676 rebus
793 633 989 687 contenti,
1020 634 1120 674 satis
1142 648 1232 674 esse
1252 640 1413 689 putant,
1446 635 1557 689 quod

80 696 153 732 est.
212 690 307 730 Non
338 704 429 730 esse
461 689 676 745 cupidum,
705 703 806 730 vera
825 689 1006 744 pecunia
1027 697 1111 741 est,
1141 703 1225 729 non
1245 703 1336 729 esse
1358 704 1558 742 emacem,

77 744 260 800 vectigal
291 752 364 787 est.
422 745 649 786 Fateamur
678 745 831 799 itaque,
861 751 953 786 uter
983 751 1047 785 est
1076 744 1212 798 ditior,
1250 745 1319 785 cui
1348 744 1476 798 deest,
1506 760 1559 786 an

79 801 148 843 cui
178 801 377 856 superat?
411 801 484 856 qui
514 806 621 855 eget,
651 814 705 840 an
736 801 808 855 qui
839 800 1084 841 habundat?
1124 801 1191 841 cui
1230 801 1443 856 possessio
1475 815 1558 856 quo

79 864 141 899 est
170 857 316 909 maior,
356 870 405 898 eo
444 856 538 912 plus
577 856 752 911 requirit
789 855 843 896 ad
875 871 917 897 se
956 855 1169 909 tuendam,
1208 870 1262 896 an
1292 856 1364 911 qui
1394 871 1439 897 se
1470 857 1558 897 suis

78 913 240 954 viribus
284 911 493 953 sustinet?
552 910 807 953 Contentum
851 912 1005 953 etenim
1050 912 1136 952 suis
1180 912 1329 964 rebus,
1374 913 1558 954 maxime

79 975 176 1010 sunt
205 968 546 1022 certissimaeque
576 967 761 1008 divitiae.
820 968 979 1008 Verum
1010 967 1060 1008 de
1091 967 1170 1008 hoc
1201 968 1301 1008 satis
1331 982 1444 1008 1111110
1474 967 1558 1008 dic-

76 1031 166 1065 tum
197 1038 285 1064 esse
308 1023 501 1064 sufficiat.
546 1022 615 1063 Ad
635 1022 938 1077 Berengarium
959 1022 1040 1063 stili
1061 1023 1235 1064 intentio
1255 1022 1412 1075 redeat,
1440 1024 1558 1064 cuius

77 1080 120 1119 in
150 1078 378 1120 adventum
408 1092 583 1118 aureum
613 1092 758 1119 omnes
787 1076 976 1118 seculum
1006 1078 1320 1132 promittebant,
1346 1085 1387 1119 et
1406 1077 1557 1131 felicia,

79 1149 186 1190 quae
215 1132 341 1175 talem
370 1132 618 1184 extulerant,
649 1140 839 1188 tempora
868 1131 1151 1174 clamitabant.

188 1189 253 1230 28.
311 1189 376 1229 Eo
406 1189 548 1243 itaque
577 1187 820 1230 Mediolanii
849 1189 1027 1243 degente
1057 1203 1106 1229 ac
1136 1187 1302 1230 Italicas
1333 1188 1559 1244 dignitates

77 1244 157 1286 sibi
186 1243 483 1286 adherentibus
518 1244 801 1300 dispensante,
840 1259 917 1285 rex
956 1244 1085 1299 Hugo
1124 1244 1385 1296 Lotharium,
1425 1244 1558 1286 filium

77 1315 213 1353 suum,
242 1314 327 1341 non
357 1299 411 1340 ad
440 1300 685 1354 Berengarii
716 1299 851 1341 solum
881 1314 1030 1341 verum
1059 1300 1113 1341 ad
1142 1301 1270 1341 totius
1300 1300 1445 1356 populi
1466 1316 1557 1357 pre-

75 1357 254 1398 sentiam
284 1355 453 1411 dirigit,
471 1362 630 1411 petens,
662 1357 760 1411 quia
790 1370 833 1396 se
865 1356 924 1396 eis
954 1371 1039 1397 11011
1067 1356 1325 1411 morigerum
1345 1356 1557 1410 abdicant,

75 1411 210 1452 filium
242 1410 390 1453 saltem
420 1411 487 1453 dei
516 1426 593 1466 pro
624 1426 778 1464 amore,
810 1411 882 1467 qui
912 1410 971 1451 nil
999 1412 1043 1452 in
1065 1426 1134 1453 eos
1156 1411 1390 1467 deliquerat
1407 1413 1437 1465 d,
1470 1428 1557 1454 sus-

76 1468 245 1522 cipiant,
276 1481 326 1508 ac
355 1466 643 1508 voluntatibus
674 1482 819 1508 00111111
841 1469 1098 1522 morigerum
1118 1467 1307 1509 reddant.
1356 1467 1557 1509 Lothario

76 1523 257 1578 denique
291 1522 592 1564 Mediolanium
629 1529 810 1578 petente,
851 1537 928 1563 rex
965 1523 1093 1578 Hugo
1132 1524 1267 1578 Papia
1306 1525 1420 1565 omni
1460 1538 1557 1564 cum

72 1580 256 1634 pecunia
295 1592 510 1632 egressus,
550 1577 717 1619 Italiam
757 1578 949 1620 deserere
988 1586 1114 1634 atque
1154 1579 1197 1619 in
1232 1579 1556 1632 Burgundiame

72 1636 132 1676 ire
164 1634 379 1689 cogitavit.
426 1634 510 1675 Sed
540 1649 607 1674 res
638 1649 733 1675 eum
763 1635 842 1675 ista
871 1634 1053 1687 retinuit,
1085 1635 1284 1690 quoniam
1314 1635 1415 1676 dum
1435 1635 1557 1676 mise-

72 1689 256 1731 ricordia
284 1689 483 1742 inclinati,
521 1689 768 1730 Lotharium
799 1691 842 1729 in
874 1689 1027 1731 eclesia
1054 1690 1275 1731 beatorum
1306 1691 1557 1732 confessoris

73 1753 114 1788 et
142 1745 387 1786 martirumf
426 1744 660 1797 Ambrosii,
700 1745 895 1787 Gervasii
934 1752 975 1786 et
1013 1746 1208 1798 Protasii,
1248 1752 1345 1787 ante
1386 1760 1557 1788 crucem

72 1808 328 1856 prostratum
358 1801 578 1855 erigerent,
610 1815 836 1856 regemque
863 1801 943 1842 sibi
964 1803 1276 1855 constituerent,
1308 1816 1436 1857 quam
1456 1817 1556 1843 mox

70 1863 167 1913 post
196 1856 423 1911 Hugonem
452 1856 640 1910 dirigunt
668 1857 875 1907 nuntium,
917 1871 1042 1911 quem
1073 1872 1117 1899 se
1147 1857 1297 1899 iterum
1329 1872 1455 1913 super
1485 1872 1557 1899 eos

69 1919 345 1968 regnaturum
374 1912 636 1968 promittunt.
695 1912 792 1953 Hoc
822 1911 946 1968 plane
978 1912 1213 1966 consilium,
1244 1913 1373 1954 immo
1406 1912 1556 1969 decep-

69 1968 250 2020 tionem,
297 1982 383 2008 non
427 1982 593 2020 omneS,
639 1967 713 2009 sed
756 1967 1062 2023 Berengarius,
1107 1975 1154 2010 ut
1197 1974 1286 2010 erat
1330 1967 1556 2010 calliditate

72 2023 378 2075 suffarcinatus,
408 2023 635 2075 adinvenit,
666 2038 752 2064 11011
783 2038 866 2076 quo
887 2023 963 2064 hos
984 2039 1161 2080 regnare
1183 2024 1438 2080 disponeret,
1469 2025 1556 2077 sed,

70 2086 117 2120 ut
155 2085 251 2135 post
289 2078 450 2130 claruit,
490 2094 541 2120 ne
579 2078 708 2133 Hugo
753 2079 1002 2132 discederet,
1041 2087 1169 2135 atque
1206 2081 1398 2122 inmensa
1428 2095 1556 2136 quam

69 2134 254 2176 habebat
282 2135 462 2190 pecunia
490 2134 841 2188 Burgundionum
871 2142 942 2176 aut
981 2134 1157 2177 aliarum
1197 2137 1387 2191 gentium
1427 2151 1556 2193 super

71 2206 114 2232 se
144 2189 324 2247 populos
353 2191 559 2232 invitaret.

181 2247 248 2287 29.
305 2245 401 2286 Hoc
440 2247 483 2286 in
522 2251 712 2301 tempore
752 2245 905 2301 Ioseph
946 2246 1140 2302 quidam,
1181 2248 1368 2289 moribus
1409 2262 1551 2300 senex,

69 2300 218 2343 diebus
248 2302 425 2354 iuvenis,
458 2302 684 2342 Brixianae
715 2302 895 2343 civitatis
918 2301 1102 2345 clarebat
1122 2303 1362 2360 episcopus.
1415 2304 1551 2356 Quem

68 2357 368 2413 Berengarius,
412 2364 458 2399 ut
497 2364 587 2399 erat
627 2356 723 2398 dei*
761 2358 912 2399 timens
925 2365 955 2410 3,
1002 2358 1054 2400 ob
1094 2373 1258 2400 morum
1297 2358 1550 2415 probitatem

69 2413 284 2469 episcopio
314 2414 507 2468 privavit,
548 2414 637 2454 eius
666 2412 759 2454 loco
789 2412 1033 2467 Antonium,
1076 2415 1149 2470 qui
1177 2430 1289 2456 nunc
1319 2429 1452 2470 usque
1483 2429 1550 2455 su-

67 2476 220 2525 perest,
249 2469 361 2519 nullo
393 2468 567 2510 concilio
598 2468 755 2522 habito,
785 2468 900 2510 nulla
920 2470 1214 2526 episcoporum
1235 2469 1550 2523 deliberatione,

69 2525 296 2566 constituit.
357 2524 440 2566 Sed
469 2531 511 2566 et
541 2523 688 2566 Cumis
718 2531 818 2566 tune
846 2540 932 2566 non
951 2525 1224 2579 Adelardum,
1255 2533 1301 2567 ut
1329 2527 1549 2578 iuraverat,

67 2594 215 2621 verum
260 2580 313 2622 ob
353 2580 677 2622 Mediolanensis
721 2581 1027 2637 archiepiscopi
1071 2596 1256 2623 amorem
1296 2580 1550 2623 VValdonem

70 2635 280 2690 quendam
319 2637 568 2692 episcopum
610 2635 830 2677 ordinavit.
904 2636 1029 2688 Quod
1071 2652 1197 2692 quam
1236 2636 1342 2678 bene
1386 2636 1547 2689 fecerit,

68 2691 330 2733 subditorum
361 2691 644 2748 depopulatio,
673 2692 824 2733 vitium
844 2692 1006 2745 incisio,
1037 2693 1234 2734 arborum
1258 2692 1548 2745 decorticacio,

69 2810 98 2844 a)
121 2819 194 2844 qsq3
219 2813 244 2838 1.
325 2812 356 2845 b)
377 2813 428 2844 qui
452 2814 477 2838 1.
562 2811 588 2844 c)
608 2812 715 2849 a.„sibi
738 2811 892 2837 sufficiens
914 2811 935 2839 i.
956 2811 1008 2837 5a.
1089 2812 1118 2841 (1)
1143 2812 1314 2843 deliquerat
1337 2813 1362 2836 1.
1436 2811 1463 2843 e)
1484 2812 1549 2837 bre—

69 2851 210 2881 gundiam
234 2853 258 2876 1.
331 2851 353 2885 1)
374 2852 440 2877 111-κῖ-
463 2853 488 2877 1.
552 2852 581 2883 g)
606 2852 771 2877 (leitimens
793 2855 816 2875 ec
839 2852 868 2875 in
889 2851 1017 2882 maraine
1033 2850 1202 2883 ·.·yr0nict“›s
1227 2853 1249 2876 1.
1272 2852 1348 2883 quod
1370 2851 1386 2876 2
1407 2851 1448 2875 ita
1469 2851 1547 2881 lenit.-

67 2890 115 2916 dei
137 2891 303 2923 tiyronicos
326 2897 420 2921 mensy
444 2891 460 2916 5
475 2898 501 2916 a.
523 2894 615 2915 autem
638 2891 685 2916 dei
706 2891 889 2915 tironicosus
911 2897 1007 2917 mens,
1032 2905 1064 2909 —
1088 2894 1234 2922 tyrannus
1256 2891 1420 2916 vehemens
1442 2889 1508 2916 5a'.

1197 2945 1239 2978 3.

1573 1204 1646 1238 (13.)

1568 2380 1578 2389 '
1590 2378 1742 2414 yronicos.
