1853 3209
142 314 206 341 899.

157 540 209 574 (6.)

66 1537 147 1569 Sept.
171 1537 215 1563 24.

223 193 268 223 34
415 190 715 224 LIUDPRANDI
743 190 1087 224 ANTAPODOSIS.
1139 191 1232 223 LIB.
1262 192 1308 223 Π.
1364 192 1515 223 14-15,

222 301 463 342 huiusmodi
493 301 732 355 apologiam
763 305 1020 353 απολογέιαν,
1051 301 1094 342 id
1115 308 1176 343 est
1204 303 1533 357 responsionem,
1563 303 1702 343 remit-

222 363 334 398 tunt:
380 357 440 398 ‘Si
469 356 748 397 contraditum
778 356 912 407 nobis,
957 357 1175 409 presertim
1205 371 1230 397 a
1260 357 1503 398 contraditis
1533 358 1701 413 iamque

225 413 398 454 canibus
451 412 647 463 mortuis,
696 425 848 450 munus
897 411 1199 465 reciperemus,
1248 412 1481 468 foedusque
1531 412 1701 468 aliquod

223 469 435 519 iniremus,
466 468 633 506 insanos
664 466 799 519 capite
827 479 912 506 non
942 480 1067 506 sanus
1097 467 1252 508 iura-ret
1282 467 1514 509 Orestesl'l

340 524 402 563 14.
448 522 540 561 Hac
571 521 700 575 igitur
720 520 957 575 Hungariia
978 519 1184 575 legatione
1206 521 1428 578 desperati,
1450 522 1637 564 collectis
1658 522 1702 562 in

226 593 356 620 unum
386 576 636 628 fortissimis,
667 575 738 617 tali
769 591 860 617 sese
891 583 1036 617 mutuo
1068 591 1259 617 sermone
1289 578 1492 620 solantur:
1525 577 1584 619 <Si
1608 576 1701 629 hac,

228 648 333 689 quae
363 632 713 688 inpresentiarum
744 632 937 683 cernitur,
982 631 1076 672 luce
1112 632 1288 687 perdita,
1328 633 1456 674 nichil
1493 642 1554 675 est
1592 632 1704 688 quod

227 689 409 731 deterius
454 687 667 743 proveniri
708 687 841 741 possit
884 686 1142 739 hominibus,
1195 693 1235 728 et
1279 689 1376 743 quia
1425 688 1542 730 locus
1587 688 1704 743 preci

227 744 376 797 nullus,
407 742 596 798 fugiendi
625 757 721 797 spes
753 743 887 783 omnis
908 740 1059 794 ablata,
1092 741 1197 783 colla
1223 744 1480 785 summittere
1501 744 1608 785 mori
1630 748 1704 795 est,

229 799 331 856 quid
360 798 592 840 verendum
623 796 743 838 nobis
774 804 848 849 est,
893 796 973 839 tela
1002 798 1110 838 inter
1138 799 1233 853 ipsa
1261 813 1396 851 ruere,
1435 806 1567 840 morte
1597 813 1705 839 mor-

228 865 312 898 tem
333 854 515 895 inferre?
545 852 762 908 Numquid
792 867 876 893 non
905 852 1107 905 fortunae,
1139 860 1179 894 et
1198 868 1283 894 non
1302 854 1563 895 inbecillitati
1584 868 1705 894 casus

228 909 491 966 deputandus
523 915 584 950 est
612 907 784 950 noster‘.>
828 907 1016 949 Viriliter
1044 910 1155 949 enim
1184 910 1412 964 pugnando
1444 908 1706 962 occumbere,

228 981 312 1007 non
361 972 423 1006 est
471 965 599 1009 mori,
650 963 723 1005 sed
771 965 924 1005 vivere.
998 964 1121 1005 Hanc
1169 964 1326 1005 famam
1374 972 1546 1017 tantam,
1598 964 1706 1004 hanc

229 1022 512 1078 κλιρονομείαν
551 1020 836 1071 clironomian,
873 1019 916 1060 id
953 1027 1015 1061 est
1051 1019 1336 1074 hereditatem,
1375 1027 1420 1062 ut
1456 1036 1481 1061 a
1516 1018 1706 1076 patribus

228 1078 380 1119 nostris
429 1076 689 1131 accepimus,
746 1075 897 1116 nostris
955 1076 1079 1116 etiam
1136 1075 1421 1131 relinquamus
1469 1075 1706 1117 heredibus.

229 1134 362 1175 Nobis
392 1132 607 1185 debemus,
638 1130 759 1171 nobis
790 1129 936 1171 saltem
975 1131 1144 1173 credere
1184 1133 1370 1187 expertis
1386 1140 1413 1185 ²,
1460 1132 1532 1188 qui
1568 1132 1707 1185 copia-

229 1205 323 1230 rum
360 1188 569 1243 paucitate
607 1200 910 1241 nonnunquam
946 1185 1149 1241 plurimos
1190 1189 1426 1228 stravimus.
1494 1185 1707 1228 Invalidae

229 1244 364 1301 plebis
397 1258 495 1284 sane
531 1242 803 1297 congregatio
839 1240 1018 1296 plurima
1057 1242 1110 1282 ad
1149 1243 1292 1284 cedem
1334 1250 1396 1285 est
1434 1248 1596 1284 tantum
1638 1256 1708 1283 ex-

230 1301 378 1357 posita.
440 1297 525 1340 Sed
563 1303 603 1339 et
632 1297 745 1338 Mars
775 1297 1016 1352 fugentem·3
1055 1299 1300 1354 saepissime
1335 1299 1547 1354 perhimit,
1591 1297 1709 1338 dimi-

230 1362 395 1398 cantem
424 1354 584 1395 fortiter
612 1353 807 1408 protegit.
867 1353 925 1393 Hi
962 1353 1072 1394 enim
1111 1354 1183 1408 qui
1221 1353 1343 1395 nobis
1375 1353 1709 1409 supplicantibus

230 1426 315 1453 non
363 1411 630 1461 miserentur,
676 1410 889 1463 ignorant,
940 1423 1075 1464 neque
1124 1415 1262 1451 mente
1306 1410 1562 1464 percipiunt,
1613 1408 1712 1463 quia

231 1468 399 1508 vincere
431 1464 600 1520 quidem
634 1464 793 1505 bonum
835 1471 908 1516 est,
949 1464 1245 1519 supervincere
1276 1466 1401 1505 nimis
1431 1465 1711 1505 invidiosum’.

348 1522 409 1562 15.
455 1520 547 1561 Hac
569 1521 712 1574 itaque
733 1519 1021 1560 exhortatione
1036 1520 1052 1545 b
1081 1526 1309 1575 utcumque
1340 1521 1502 1561 animos
1522 1519 1714 1572 recreati,

232 1584 315 1619 tres
345 1578 387 1618 in
417 1584 555 1631 partes
585 1574 758 1616 insidias
789 1581 964 1630 ponunt,
996 1580 1110 1616 recta
1138 1576 1220 1630 ipsi
1250 1574 1426 1616 fluvium
1457 1574 1711 1617 transeundo

232 1634 372 1675 hostes
403 1632 446 1672 in
476 1630 635 1673 medios
665 1638 804 1672 ruunt.
865 1629 1199 1671 Christianorum
1241 1633 1352 1672 enim
1388 1630 1558 1686 plurimi
1587 1629 1715 1685 longa

233 1696 405 1745 propter
433 1686 711 1729 internuntios
741 1686 1033 1741 expectatione
1062 1686 1238 1741 fatigati,
1269 1702 1345 1741 per
1375 1693 1523 1740 castra,
1554 1693 1601 1728 ut
1621 1686 1713 1727 cibo

233 1750 534 1796 recrearentur,
580 1741 902 1794 descenderant3
949 1756 1052 1797 quos
1094 1748 1210 1783 tanta
1250 1743 1461 1797 Hungarii
1502 1740 1711 1783 celeritate

235 1799 518 1850 confoderant,
549 1805 594 1839 ut
623 1798 667 1838 in
696 1796 795 1852 gula
824 1797 965 1838 cibum
995 1798 1290 1852 transfigerent
1319 1798 1423 1851 aliis,
1457 1796 1712 1853 quibusdam

235 1856 354 1911 equis
383 1854 527 1909 fugam
556 1858 761 1908 negarent
789 1851 950 1905 ablatis,
982 1867 1115 1908 eoque
1141 1852 1232 1894 illos
1254 1854 1385 1896 levius
1405 1853 1712 1909 perhimebant,

235 1926 317 1967 quo
349 1911 437 1951 sine
468 1910 584 1964 equis
622 1923 692 1950 eos
730 1923 818 1950 esse
849 1915 1169 1963 conspexerant.
1240 1908 1309 1950 Ad
1338 1915 1613 1964 augmentum
1645 1908 1713 1949 de-

234 1967 362 2021 nique
402 1965 646 2020 perditionis
689 1964 1014 2006 christianorum
1053 1979 1136 2005 non
1180 1980 1314 2020 parva
1356 1966 1465 2007 inter
1510 1979 1580 2007 eos
1626 1970 1715 2005 erat

235 2021 459 2063 discordia.
525 2018 725 2061 Nonnulli
776 2018 897 2074 plane
941 2019 1173 2074 Hungariis
1218 2035 1302 2062 non
1346 2020 1481 2062 solum
1525 2033 1714 2076 pugnam

235 2093 319 2119 non
348 2076 593 2129 inferebant,
626 2075 699 2117 sed
735 2082 781 2116 ut
819 2075 1004 2130 proximi
1042 2076 1239 2118 caderent
1274 2075 1543 2129 anhelabant,
1588 2082 1714 2130 atque

236 2133 287 2174 ad
319 2134 399 2174 hoc
429 2132 615 2188 perversi
643 2131 726 2186 ipsi
746 2145 944 2186 perverse
968 2130 1164 2184 fecerant,
1197 2133 1390 2187 quatinus
1411 2131 1511 2172 dum
1531 2131 1715 2187 proximi

237 2188 446 2241 caderent,
478 2187 556 2228 soli
585 2188 666 2242 ipsi
697 2187 819 2241 quasi
847 2185 1019 2228 liberius
1049 2194 1284 2242 regnarent.
1343 2187 1548 2239 Quidum
1575 2186 1716 2242 proxi-

237 2259 402 2285 morum
431 2242 754 2284 necessitatibus
785 2242 1009 2284 subvenire
1044 2241 1273 2298 neglegunt
1308 2257 1539 2298 eorumque
1568 2257 1716 2283 necem

238 2299 428 2355 diligunt,
460 2299 541 2354 ipsi
570 2299 784 2353 propriam
815 2298 1046 2338 incurrunt.
1104 2298 1293 2353 Fugiunt
1321 2300 1463 2354 itaque
1490 2298 1716 2349 christiani,

239 2356 487 2410 seviuntque
517 2354 685 2409 pagani,
718 2362 757 2395 et
788 2353 859 2408 qui
889 2354 1006 2408 prius
1037 2353 1275 2409 supplicare
1304 2354 1548 2395 muneribus
1572 2353 1716 2408 nequi-

237 2410 351 2462 bant,
383 2408 719 2465 supplicantibus
749 2408 1020 2465 postmodum
1049 2417 1249 2463 parcere⁰
1279 2409 1534 2451 nesciebant.
1584 2409 1715 2449 Inter-

238 2465 358 2507 fectis
389 2465 570 2520 denique
599 2464 838 2519 fugatisque
878 2463 1128 2517 christianis,
1172 2465 1312 2505 omnia
1350 2465 1558 2520 Hungarii
1599 2463 1716 2519 regni

239 2521 332 2563 loca
363 2520 586 2563 saeviendo
618 2526 879 2575 percurrunt.
938 2519 1085 2574 Neque
1125 2527 1224 2573 erat,
1263 2521 1335 2576 qui
1375 2534 1518 2561 eorum
1549 2533 1717 2575 presen-

241 2660 269 2693 ει)
283 2661 403 2691 ungarii
418 2662 442 2684 1.
486 2658 516 2691 b)
530 2659 728 2684 exhoratione
742 2661 767 2684 1.
782 2658 991 2684 exhortatione
1002 2666 1075 2685 corr.
1089 2666 1149 2684 cum
1166 2659 1324 2684 Mzcratorio
1336 2658 1373 2690 cs.
1385 2666 1406 2684 c.
1421 2658 1467 2685 27.
1509 2656 1535 2689 c)
1550 2663 1675 2689 pascere
1690 2658 1718 2682 1.

245 2785 278 2823 1)
305 2783 400 2814 Pers.
429 2781 502 2813 Sat.
530 2778 598 2818 ΙΙΙ,
628 2777 707 2808 118.
811 2777 846 2816 2)
874 2776 926 2809 Cf.
955 2776 1057 2809 Ovid.
1085 2778 1180 2811 Fast.
1205 2778 1246 2816 V,
1267 2778 1351 2808 674:
1380 2776 1417 2808 Si
1444 2777 1540 2808 iuvat
1568 2775 1721 2818 expertis

243 2831 398 2864 credere.
499 2825 537 2870 3)
564 2828 587 2859 i.
615 2837 645 2859 e.
672 2825 877 2868 fugientem.
