1878 3201
353 266 418 297 126
607 265 907 298 LIUDPRANDI
935 265 1164 298 HISTORIA
1192 264 1406 298 OTTONIS.
1458 264 1564 295 4-6.

270 390 335 416 963.
352 377 627 418 sacrosanctis
657 377 769 417 beati
798 376 913 417 Petri
949 375 1121 416 donavit
1156 375 1292 415 aureis
1329 374 1525 416 crucibus
1565 382 1691 430 atque
1728 374 1821 415 cali-

351 433 481 474 cibus.
542 432 680 474 Testis
719 438 780 472 est
817 431 1043 485 Stephana,
1089 430 1177 471 cius
1211 431 1351 483 amita,
1398 445 1504 486 quae
1538 431 1582 470 in
1619 430 1821 472 effusione

349 488 462 544 quod
507 504 559 529 ex
600 502 649 529 eo
694 493 943 541 conceperat
984 500 1130 526 recens
1174 484 1385 527 hominem
1429 487 1570 527 exivit.
1631 485 1743 537 Quid
1787 486 1823 526 si

351 550 501 585 cuncta
538 548 715 594 taceant,
755 542 1038 582 Lateranense
1077 539 1292 595 palatium,
1333 550 1572 583 sanctorum
1613 540 1825 596 quondam

350 600 592 655 hospitium,
622 611 734 637 nunc
753 596 1033 651 prostibulum
1053 597 1333 649 meretricum,
1362 611 1446 638 non
1472 596 1621 649 silebit,
1651 597 1824 638 amitam

349 656 572 708 coniugem
584 662 610 705 ¹,
643 652 896 707 Stephaniae
933 651 1103 693 alterius
1143 651 1402 693 concubinae
1431 667 1627 694 sororem.
1686 652 1825 693 Testis

351 711 539 751 omnium
568 709 758 763 gentium
779 716 918 762 preter
937 707 1223 748 Romanarum
1243 707 1431 748 absentia
1451 707 1687 761 mulierum,
1717 721 1825 763 quae

351 773 592 807 sanctorum
628 763 914 819 apostolorum
953 763 1098 803 limina
1138 762 1285 804 orandi
1323 763 1458 818 gratia
1494 764 1643 804 timent
1676 764 1825 815 visere,
1877 775 1878 788 ¹

351 836 446 862 cum
475 819 696 861 nonnullas
726 827 821 860 ante
852 819 940 860 dies
980 833 1140 873 paucos
1174 818 1286 859 hunc
1327 818 1536 860 audierint,
1565 819 1825 873 coniugatas,

348 877 511 929 viduas,
532 876 730 929 virgines,
751 876 795 915 vi
817 876 1088 930 oppressisse.
1123 874 1268 915 Testes
1290 881 1385 914 sunt
1404 880 1644 915 sanctorum
1661 880 1826 929 aposto-

348 932 485 973 lorum
514 931 702 983 eclesiae,
734 945 841 986 quae
871 945 955 971 non
985 929 1169 971 stillatim
1197 928 1397 984 pluviam,
1426 928 1496 971 ted
1515 936 1649 971 totum
1668 935 1828 970 tectum

350 989 622 1040 intrinsecus,
668 1001 796 1042 supra
839 987 932 1042 ipsa
976 987 1101 1027 etiam
1146 992 1411 1026 sacrosancta
1454 984 1602 1026 altaria
1649 984 1828 1026 imbrem

350 1044 585 1085 admittunt.
655 1042 824 1094 Quanto
862 1056 938 1082 nos
977 1048 1134 1082 terrore
1178 1042 1296 1096 tigna
1334 1040 1535 1093 afficiunt,
1575 1055 1671 1081 cum
1722 1040 1828 1081 divi-

350 1106 473 1140 nama
504 1113 627 1154 opem
658 1098 806 1139 eodem
837 1097 1136 1153 deposcimus?
1165 1111 1278 1138 mors
1315 1097 1359 1137 in
1387 1097 1509 1137 tectis
1528 1102 1689 1150 regnat,
1720 1110 1828 1151 quae

349 1170 426 1196 nos
458 1169 575 1195 orare
605 1153 737 1194 multa
764 1152 951 1194 volentes
981 1153 1170 1208 impedit,
1201 1160 1327 1208 atque
1349 1151 1522 1193 domum
1543 1151 1701 1193 domini
1727 1165 1830 1192 mox

349 1211 540 1266 linquere
562 1211 688 1263 cogit.
738 1209 885 1251 Testes
916 1216 1012 1250 sunt
1040 1224 1125 1250 non
1156 1208 1291 1250 solum
1320 1209 1567 1250 iuncearum
1597 1212 1830 1260 curaturass,

351 1267 425 1309 sed
455 1273 496 1307 et
527 1265 831 1307 cotidianarum
862 1264 1086 1306 mulieres3
1115 1264 1356 1305 formarum.
1417 1264 1498 1305 Cui
1527 1263 1640 1304 idem
1671 1269 1747 1315 est,
1776 1266 1831 1303 ‘et

351 1322 510 1363 silicem
540 1321 719 1376 pedibus
750 1336 858 1376 quae
889 1328 1108 1362 conterunt
1137 1319 1325 1372 atrum’4,
1362 1327 1402 1361 et
1432 1334 1539 1375 quae
1581 1332 1831 1373 magnorum

351 1376 643 1419 subvehuntur
671 1376 880 1417 adiutorio
911 1377 1206 1417 iumentorum.
1264 1375 1404 1430 Atque
1425 1375 1505 1415 hoc
1525 1375 1587 1415 rei
1613 1381 1687 1427 est,
1716 1373 1831 1429 quod

351 1440 467 1475 tanta
496 1433 534 1473 ei
565 1447 662 1472 cum
690 1433 943 1487 imperatore
975 1439 1120 1472 sancto
1151 1430 1363 1472 discordia
1392 1438 1466 1482 est,
1498 1429 1621 1484 ‘lupis
1648 1437 1689 1470 et
1708 1429 1830 1483 agnis

352 1494 510 1545 quanta
540 1489 685 1529 sortito
717 1488 877 1542 optigit’
893 1495 921 1527 ⁵.
979 1486 1044 1528 Illi
1075 1486 1178 1528 haec
1208 1494 1254 1527 ut
1282 1485 1502 1541 inpuniteb
1532 1485 1669 1538 liceat,
1704 1483 1831 1526 Adel-

350 1553 517 1601 pertum
548 1544 626 1585 sibi
656 1551 834 1599 patrem,
865 1550 1061 1595 tutorem,
1093 1542 1355 1583 defensorem
1384 1542 1529 1596 parat'.

461 1613 500 1653 ξ).
545 1610 665 1652 Haec
695 1610 797 1652 dum
826 1626 851 1652 a
879 1609 1153 1652 redeuntibus
1191 1610 1349 1650 nuntiis
1386 1610 1613 1664 imperator
1641 1607 1827 1649 audiret:

351 1668 501 1720 ‘Puer⁷,
545 1666 707 1722 inquid,
753 1672 841 1718 ‘est,
884 1666 1007 1708 facile
1045 1666 1254 1708 bonorum
1297 1665 1590 1706 immutabitur
1633 1662 1828 1718 exemplo

350 1725 550 1765 virorum.
610 1722 800 1778 Spei-abo
830 1737 927 1763 eum
957 1721 1248 1777 obiurgatione
1278 1720 1464 1772 honesta,
1506 1720 1699 1762 suasione
1728 1719 1829 1761 libe-

350 1779 440 1833 rali,
479 1778 600 1820 facile
636 1793 691 1820 ex
718 1778 800 1819 illis
838 1793 928 1820 sese
964 1792 1223 1819 emersurum
1253 1777 1392 1830 malis,
1431 1776 1702 1832 dicemusque
1732 1789 1830 1816 cum

145 1860 194 1887 Ps.
219 1861 265 1893 75,
289 1862 335 1886 11,
350 1834 576 1891 propheta:
617 1834 737 1875 Haec
770 1840 831 1876 est
860 1834 1082 1875 inmutatio
1115 1833 1289 1875 dextrae
1326 1832 1507 1874 excelsi'.
1566 1831 1624 1873 Et
1651 1831 1828 1872 adiecit:

350 1890 491 1943 ‘Quod
521 1891 639 1946 prius
669 1904 810 1930 rerum
842 1889 943 1930 ordo
974 1889 1177 1944 deposcit,
1208 1889 1511 1944 Berengarium
1540 1888 1584 1928 in
1612 1887 1829 1928 Feretrato

349 1953 491 1988 monte
529 1947 794 1988 resistentem
833 1945 1150 2001 propulsemus3
1188 1944 1285 1986 dein
1320 1951 1497 1999 paterna
1533 1942 1829 1984 abdicationec

350 2003 554 2043 domnum
582 2016 739 2057 papam
770 2002 1092 2054 conveniamus3
1132 2001 1167 2041 si
1195 2014 1281 2040 non
1309 1999 1536 2052 voluntate,
1573 1997 1831 2039 verecundia

352 2058 499 2100 saltem
526 2059 570 2098 in
589 2058 730 2099 virum
754 2057 989 2112 perfectum
1021 2071 1111 2098 sese
1143 2056 1433 2098 commutabit.
1480 2054 1636 2110 Sicque
1656 2053 1831 2095 forsitan

352 2114 558 2167 devictus,
588 2113 695 2155 bene
726 2127 1002 2154 consuescere
1031 2110 1235 2168 pudebitd
1267 2112 1538 2153 desuescere'.

465 2181 502 2223 6.
548 2181 629 2222 His
661 2180 852 2236 expletis,
882 2181 1040 2236 Papiae
1069 2180 1214 2220 navim
1245 2178 1500 2231 conscendit,
1530 2192 1579 2218 ac
1608 2192 1685 2233 per
1708 2177 1831 2219 Heri-

353 2238 478 2279 danie
517 2236 686 2278 alveum
724 2237 969 2278 Ravennam
1007 2251 1142 2292 usque
1182 2236 1395 2291 pervenit3
1440 2234 1623 2289 indeque
1662 2248 1831 2289 progre-

351 2293 471 2335 diens
500 2300 687 2335 montem
707 2292 986 2343 Feretratum,
1019 2293 1091 2348 qui
1122 2292 1253 2332 sancti
1274 2291 1427 2332 Leonis
1459 2290 1613 2331 dicitur
1625 2296 1652 2342 ⁶,
1682 2290 1726 2330 in
1747 2302 1830 2344 quo

265 2349 635 2404 21a1.Berenga1·ius
665 2356 706 2390 et
736 2347 865 2391 Willa
895 2355 1025 2400 erant,
1064 2346 1240 2389 obsedit.
1299 2347 1394 2399 Quo
1434 2353 1475 2387 et
1503 2345 1690 2401 prefatus
1718 2357 1832 2400 papa

268 2405 334 2468 ¹1⁰¹}-
349 2405 549 2458 Leonem,
590 2403 872 2446 venera-bilem
911 2410 1080 2445 sanctae
1110 2403 1325 2444 Romanae
1356 2401 1532 2444 eclesiae
1562 2408 1663 2442 tunc
1691 2407 1829 2454 proto-

296 2451 630 2513 u'scriniarium,
667 2469 805 2500 nunc⁷
844 2461 888 2500 in
923 2459 1071 2500 eadem
1111 2458 1209 2500 sede
1247 2458 1360 2500 beati
1393 2457 1509 2499 Petri
1543 2455 1831 2511 apostolorum

352 2517 568 2570 vicarium,
607 2529 772 2558 necnon
811 2521 851 2556 et
892 2515 1156 2557 Demetrium
1167 2520 1196 2566 ⁸,
1241 2514 1507 2570 optimatium
1544 2512 1832 2552 Romanorum

351 2623 379 2656 a)
391 2624 496 2649 diuina
506 2625 534 2649 1.
567 2623 597 2657 b)
608 2624 766 2655 inpunitae
777 2625 802 2649 1.
839 2622 866 2650 cl
876 2624 1086 2649 adhortatione
1096 2623 1169 2648 coni.
1179 2622 1357 2647 Giesebrecht.
1388 2619 1417 2654 d)
1425 2621 1553 2653 pudebis
1564 2622 1590 2646 1.
1620 2619 1718 2653 e)heri
1728 2619 1792 2645 dari
1803 2620 1831 2643 1.

354 2713 387 2753 1)
415 2712 553 2744 Amitae
588 2712 765 2744 vocabulo
802 2711 967 2754 designat
1001 2712 1109 2754 patris
1138 2711 1372 2743 concubinam
1400 2708 1444 2741 cf.
1474 2719 1503 2741 c.
1534 2709 1588 2741 10.
1690 2706 1725 2749 2)
1751 2707 1830 2740 Ter.

351 2762 440 2793 Eun.
461 2761 508 2802 II,
536 2761 568 2801 3,
596 2761 661 2792 25:
688 2760 841 2794 reddunt
868 2765 1031 2793 curatura
1057 2761 1231 2792 iunceam.
1307 2757 1345 2800 3)
1362 2759 1385 2790 i.
1405 2768 1436 2791 e.
1455 2768 1524 2790 non
1543 2756 1656 2790 solum
1677 2755 1830 2788 ancillae

352 2809 415 2842 sed
443 2814 476 2841 et
502 2810 707 2843 meretrices
740 2809 918 2852 publicae.
1018 2808 1055 2847 4]
1084 2807 1243 2840 Iuvenal.
1272 2807 1346 2840 Sat.
1373 2807 1431 2846 VI,
1459 2806 1541 2838 350.
1642 2803 1680 2847 5)
1705 2805 1829 2837 Horat.

352 2858 465 2900 Epod.
496 2859 528 2898 4,
558 2860 588 2890 1.
666 2858 699 2900 6)
729 2859 764 2891 S.
791 2859 864 2890 Leo
892 2868 999 2901 prope
1028 2858 1063 2890 S.
1089 2858 1239 2889 Marino.
1316 2855 1352 2898 7)
1381 2855 1480 2888 Sedit
1507 2865 1538 2887 a.
1565 2853 1647 2887 963.
1676 2854 1765 2886 Dec.
1785 2870 1829 2876 ——

352 2907 434 2939 965,
462 2907 559 2939 Mart.
661 2907 698 2949 S)
725 2907 865 2940 Meliosi
897 2907 939 2939 cf.
968 2918 997 2939 c.
1025 2907 1057 2938 9.
