1780 3209
276 284 315 324 ยง2ยน

478 174 781 207 LIUDPRANDT
808 175 1152 209 ANTAPODOSIS.
1203 178 1297 210 LIB.
1325 178 1389 210 IV.

360 285 410 325 In
440 285 639 326 Ianuensi
669 286 836 326 civitate
875 285 968 326 fons
1010 288 1226 341 sanguinis
1265 288 1400 341 fluxit,
1443 303 1524 344 quo
1563 304 1673 331 anno

361 339 415 380 ab
446 340 658 380 Africanis
690 348 814 395 capta
845 347 907 382 est
938 340 1171 383 Saracenis.

361 396 457 447 Qua
486 396 647 436 ratione
677 395 893 436 Manasses
920 395 1181 438 Arelatensis
1212 399 1436 454 episcopus
1457 401 1673 455 propriam

360 449 583 491 aeclesiam
613 450 847 491 deseruisse
869 465 912 491 se
934 451 1047 492 dicat
1076 459 1117 493 et
1146 453 1270 494 aliam
1301 455 1601 510 adsumpsisse,
1633 461 1676 497 et

360 504 473 561 quod
502 505 714 546 invectiva
743 507 1015 560 responsione
1045 515 1160 548 recte
1191 523 1234 549 se
1264 524 1348 551 non
1379 511 1514 565 egisse
1546 511 1674 566 scrip-

360 568 549 601 turarum
578 560 827 601 testimoniis
862 561 1173 616 comprobetur.

359 617 497 667 Quam
528 630 705 657 uxorem
736 616 1017 671 Berengarius
1054 619 1279 674 acceperit,
1317 627 1357 661 et
1387 620 1439 662 de
1468 620 1675 662 Anscario

359 672 485 712 fratre
513 672 614 711 eius.

360 727 428 767 De
458 725 676 767 Tedbaldo
707 727 962 780 marchione,
993 729 1064 783 qui
1096 735 1241 770 contra
1263 729 1424 772 Grecos
1453 733 1674 786 pugnavit,

360 788 401 823 et
430 789 576 836 captos
608 783 817 822 castravit.

359 838 526 889 Quanto
556 836 740 878 ludibrio
772 837 980 892 quaedam
1020 838 1169 880 mulier
1207 854 1329 881 suum
1368 842 1576 894 maritum,
1621 857 1676 883 ne

361 900 623 945 castraretur,
653 892 858 934 liberavit.
1166 942 1172 947 ,

359 949 453 989 Rex
501 947 630 1002 Hugo
684 948 855 990 fratrem
913 964 1035 991 suum
1090 950 1323 1004 Bosonem,
1375 952 1445 1006 qui
1502 952 1674 993 consilio

359 1005 508 1045 uxoris
553 1019 627 1044 sue
671 1004 708 1044 ei
752 1004 940 1060 perfidus
986 1006 1199 1059 extiterat,
1246 1007 1358 1063 cepit
1401 1013 1442 1049 et
1486 1007 1675 1049 custodie

358 1059 541 1100 tradidit.

359 1114 550 1167 Qualiter
570 1115 699 1170 Hugo
720 1130 796 1156 rex
817 1115 1003 1168 Willam,
1033 1116 1213 1158 Bosonis
1242 1133 1433 1171 uxorem,
1465 1119 1517 1160 ab
1553 1118 1675 1160 Italia.

358 1171 491 1223 eiecit,
523 1179 563 1211 et
593 1170 644 1211 de
675 1169 814 1212 balteo
845 1172 958 1227 turpi
988 1172 1030 1212 in
1060 1171 1152 1214 loco
1183 1174 1365 1215 invento.

358 1226 426 1267 De
448 1232 580 1266 morte
602 1225 771 1266 Rodulfi
792 1228 915 1281 regis,
947 1229 1066 1269 cuius
1094 1243 1270 1270 uxorem
1292 1245 1366 1270 rex
1389 1230 1516 1285 Hugo
1543 1230 1671 1283 ducit,

359 1296 562 1335 suamque
593 1280 722 1322 filiam
754 1296 828 1322 suo
859 1282 943 1323 filio
976 1283 1115 1324 tradit.

357 1337 425 1378 De
462 1337 647 1391 Hugone
686 1351 797 1392 rege,
838 1338 909 1392 qui
950 1353 1126 1379 uxorem
1167 1354 1286 1380 suam
1324 1341 1377 1382 ob
1417 1340 1675 1382 concubinas

356 1391 481 1433 hodio
511 1390 670 1432 habuit.

357 1447 424 1489 De
464 1454 597 1488 morte
638 1447 827 1489 Heinrici
867 1449 979 1503 regis
1019 1455 1059 1490 et
1094 1449 1167 1490 ubi
1208 1450 1260 1491 sit
1296 1450 1506 1504 humatus,
1552 1451 1674 1493 etde

356 1502 452 1544 filiis
481 1504 583 1543 eius.

354 1559 423 1600 De
453 1558 677 1614 prudentia
696 1558 889 1600 Heinrici
918 1561 1043 1615 regis,
1074 1561 1147 1616 qui
1172 1560 1305 1601 filium
1327 1576 1450 1603 suum
1473 1562 1674 1604 Ottonem

355 1629 499 1670 regem
531 1615 757 1656 constituit.

353 1670 421 1712 De
452 1669 538 1711 filia
567 1670 707 1711 fratris
736 1671 849 1725 regis
878 1670 1131 1726 Anglorum,
1174 1687 1299 1728 quam
1339 1688 1414 1714 rex
1446 1672 1547 1715 Otto
1577 1679 1673 1715 ante

355 1727 476 1781 regni
507 1727 822 1782 susceptionem
853 1726 987 1767 duxit.

300 1814 308 1822 .
352 1782 421 1823 De
451 1781 666 1834 Heinrico,
698 1782 769 1837 qui
799 1796 1094 1837 perversorum
1120 1783 1337 1824 hominum
1360 1783 1533 1826 consilio
1554 1784 1673 1826 fratri

355 1836 523 1878 rebellis
554 1837 612 1878 fit.

353 1894 529 1934 Metrice
560 1893 771 1934 invectiva
802 1894 933 1934 oratio
964 1894 1018 1935 ad
1048 1894 1310 1946 Heinricum,
1341 1901 1382 1936 et
1413 1901 1558 1936 contra
1587 1895 1674 1937 dia-

353 1948 511 2001 bolum,
543 1949 662 1989 cuius
694 1963 821 2003 opera
852 1963 947 1990 cum
978 1951 1106 1991 fratre
1136 1964 1326 2005 pugnare
1356 1950 1578 1992 desiderat.

353 2004 421 2045 De
451 2004 715 2057 Heverardo,
748 2005 819 2060 qui
850 2004 1101 2046 Heinricum
1140 2005 1278 2046 adhuc
1314 2006 1405 2060 regi
1443 2021 1518 2048 suo
1554 2006 1673 2048 fratri

354 2059 519 2101 fidelem
540 2061 585 2100 in
615 2059 784 2101 castello
816 2060 1001 2115 quodam
1032 2061 1254 2115 degentem
1287 2062 1405 2102 initio
1434 2061 1674 2104 rebellionis

353 2130 453 2157 suae
484 2116 597 2171 cepit
627 2122 667 2157 et
695 2117 737 2155 in
767 2116 990 2157 Franciam
1021 2116 1155 2157 duxit.

355 2172 451 2223 Qua
481 2172 643 2213 ratione
667 2171 939 2213 Heverardus
962 2171 1248 2214 Gislebertum
1279 2188 1304 2213 a
1333 2173 1444 2228 regis
1474 2172 1674 2215 fidelitate

355 2227 598 2268 seiunxerit.

299 2315 308 2323 .
355 2281 620 2324 Gislebertus
652 2288 693 2324 et
722 2282 995 2324 Heverardus
1025 2284 1274 2325 Heinricum
1310 2284 1361 2326 de
1393 2284 1584 2326 custodia
1614 2283 1673 2325 di-

354 2339 535 2380 mittunt.

299 2425 308 2434 .
355 2394 451 2446 Qua
482 2393 707 2435 calliditate
738 2394 1010 2435 Heverardus
1032 2395 1281 2436 Heinricum
1311 2402 1437 2450 atque
1460 2394 1672 2437 Gisleber-

353 2456 443 2490 tum
474 2450 518 2490 in
546 2449 808 2505 adquirendo
838 2465 970 2505 regno
1002 2450 1197 2505 decipere
1228 2449 1373 2491 voluit.

299 2537 307 2546 .
351 2505 420 2546 De
449 2505 686 2547 admirabili
714 2506 890 2547 victoria
920 2520 1047 2561 quam
1077 2520 1154 2546 rex
1177 2506 1277 2547 Otto
1299 2505 1456 2546 orando
1479 2507 1671 2561 optinuit,

354 2568 395 2602 ct
424 2561 476 2602 de
506 2561 710 2602 Heinrico
741 2562 784 2601 in
813 2561 1015 2603 brachioa
1044 2561 1279 2603 vulnerato.

354 2615 546 2668 Qualiter
574 2632 650 2658 rex
681 2617 908 2658 Heinricus
938 2624 1128 2659 sanctam
1162 2616 1353 2658 lanceam
1382 2616 1670 2672 adquisiverit.

298 2704 307 2712 .
352 2672 663 2728 Argumentum
704 2688 756 2713 ex
796 2674 1014 2729 scripturis
1058 2673 1225 2726 sanctis,
1272 2672 1384 2728 quod
1429 2672 1670 2714 huiusmodi

185 2797 213 2831 a)
235 2798 340 2823 brahia
366 2801 390 2824 1.
