1902 3200
340 213 639 247 LIUDPRANDI
667 211 895 244 HISTORIA
922 211 1138 244 OTTONIS.
1194 214 1232 243 11
1241 215 1345 244 -14.
1521 216 1561 246 13
1570 216 1585 246 1

112 325 156 364 in
186 326 352 367 Sinistra
379 330 498 379 parte
526 322 666 376 positi,
706 335 805 361 cum
839 321 898 361 eis
941 322 1012 376 qui
1044 321 1240 362 dixerunt
1276 323 1444 365 domino
1485 325 1665 372 deo:369.

113 380 278 421 Recede
307 394 333 420 a
361 379 495 430 nobis,
535 376 753 417 scientiam
782 376 947 417 viarum
984 383 1151 418 tuarum
1194 376 1402 419 nolumus.
1461 381 1780 437 Quo(l10b,21‚14‚

115 436 149 476 si
190 435 316 476 fidem
353 434 474 475 nobis
512 446 597 473 non
634 431 872 484 admittitis,
916 432 1118 472 exercitui
1149 432 1293 472 domni
1322 434 1585 489 imperatoris

112 490 259 532 saltem
288 489 449 538 debetis
480 487 662 540 credere,
694 487 761 527 cui
790 494 887 528 ante
918 487 1102 542 quinque
1130 487 1218 528 dies
1240 502 1338 529 ense
1360 490 1586 544 accinctus,

114 545 260 602 clipeo,
289 543 422 599 galea,
453 550 494 585 et
528 543 659 584 lorica
696 542 868 584 indutus
906 543 1102 594 occurrit3
1143 542 1254 584 solus
1293 543 1473 596 Tiberis,
1515 548 1587 600 qui

112 599 355 652 interfluxit,
394 615 446 640 ne
477 599 536 639 sic
567 604 737 639 ornatus
766 597 819 638 ab
851 598 1039 639 exercitu
1071 604 1301 653 caperetur,
1341 600 1586 655 impedivit'.

111 656 215 697 Mox
251 662 417 696 sanctus
456 655 684 709 imperator
723 653 851 694 dixit:
895 653 989 694 ‘Tot
1037 661 1133 694 sunt
1175 653 1300 694 huius
1344 656 1403 696 rei
1448 662 1586 709 testes,

117 718 219 766 quot
257 717 354 751 sunt
391 717 533 751 nostro
573 710 616 750 in
655 711 843 750 exercitu
881 708 1129 750 bellatores’.
1189 709 1345 750 Sancta
1388 711 1587 752 sinodusa

112 766 238 807 dixit:
270 765 330 807 ‘Si
360 765 498 821 placet
528 772 672 806 sancto
703 765 957 820 imperatori,
993 765 1212 805 mittantur
1239 765 1401 807 litterae
1432 766 1587 807 domno

112 835 167 877 pa
199 836 260 874 ae,
301 829 348 863 ut
386 821 593 872 adveniat,
637 834 765 875 seque
804 835 857 861 ex
897 819 960 860 his
999 820 1195 862 omnibus
1232 821 1407 876 purget’.
1466 822 1589 864 Tunc

113 836 249 919 eidem
279 883 376 918 sunt
405 875 646 918 huiusmodi
674 875 835 917 litterae
865 874 1116 917 destinatae:
1603 901 1677 926 Νῦν,
1701 902 1726 928 6.

229 933 289 975 12.
336 932 524 974 ‘Summo
569 931 757 987 pontifici
802 938 842 972 et
886 931 1112 972 universali
1156 946 1292 987 papae
1332 931 1486 973 domno
1524 934 1656 985 Io-(9,)

113 988 252 1041 hanni,
284 987 385 1029 Otto
416 987 584 1029 divinae
613 994 809 1042 respectu
838 986 1082 1028 clementiae
1112 987 1340 1042 imperator
1369 996 1588 1044 augustus,

112 1058 211 1085 011111
239 1042 581 1099 archiepiscopis,
619 1043 828 1098 episcopis
868 1042 1086 1097 Liguriae,
1124 1043 1322 1095 Tusciae,
1362 1044 1588 1098 Saxoniae,

110 1099 331 1151 Franciae,
372 1100 417 1139 in
456 1099 640 1139 domino.
698 1099 876 1138 Romam
917 1098 970 1138 ob
1010 1099 1227 1139 servitium
1263 1098 1330 1140 dei
1360 1101 1589 1154 venientes,

111 1153 213 1195 dum
253 1153 361 1194 filios
405 1160 579 1206 vestros,
625 1154 838 1194 Romanos
874 1152 1034 1194 scilicet
1078 1155 1311 1209 episcopos,
1356 1155 1589 1197 cardinales

108 1208 365 1265 presbiteros
386 1215 427 1250 et
446 1209 656 1261 diacones,
686 1209 859 1263 insuper
879 1215 920 1250 et
940 1209 1180 1250 universam
1200 1209 1367 1265 plebem
1389 1209 1441 1251 de
1461 1212 1589 1252 vestri

110 1265 300 1306 absentia
328 1270 684 1320 percontaremur,
715 1271 757 1305 et
777 1265 879 1319 quid
901 1279 1052 1305 causae
1074 1272 1194 1317 esset,
1227 1265 1340 1321 quod
1360 1281 1436 1307 nos
1457 1266 1588 1308 aecle-

111 1320 197 1362 siae
227 1326 391 1362 vestrae
419 1320 633 1376 vestrique
670 1319 908 1361 defensores
936 1319 1081 1361 videre
1117 1320 1368 1374 noluissetis,
1408 1322 1507 1363 talia
1537 1322 1589 1364 de

109 1374 230 1417 vobis
259 1382 432 1431 tamque
471 1376 655 1417 obscena
684 1374 961 1431 protulerunt,
1001 1383 1048 1416 ut
1077 1377 1112 1417 si
1142 1376 1194 1418 de
1224 1376 1497 1419 histrionibus
1528 1378 1588 1419 di-

112 1438 317 1484 cerentur,
357 1430 655 1472 verecundiam
692 1431 814 1473 nobis
854 1431 1104 1487 ingererent.
1177 1432 1297 1484 Quae
1336 1448 1388 1475 ne
1428 1435 1587 1489 magni-

109 1485 300 1528 tudinem
319 1494 502 1528 vestram
523 1488 664 1527 omnia
682 1486 850 1540 lateant,
882 1487 1091 1541 quaedam
1111 1488 1231 1529 vobis
1244 1488 1261 1514 ¹³
1284 1490 1362 1531 sub
1383 1487 1587 1532 brevitate

111 1542 408 1595 describimus3
455 1542 653 1598 quoniam
684 1544 745 1584 *et
788 1543 823 1583 si
868 1550 1021 1584 cuncta
1063 1544 1310 1585 nominatim
1350 1546 1733 1600 expl·ime1·e'p.344.

111 1598 321 1652 cupimus,
353 1598 442 1639 dies
472 1597 593 1639 nobis
623 1612 708 1638 non
739 1597 895 1639 sufficit
922 1613 1044 1639 unus.
1085 1599 1295 1641 Noveritis
1316 1601 1471 1657 itaque,
1502 1616 1587 1642 non

110 1667 135 1694 a
154 1653 316 1708 paucis,
347 1653 420 1694 sed
440 1654 493 1695 ab
516 1654 710 1695 omnibus
730 1660 816 1695 tam
835 1655 967 1695 nostri
988 1669 1114 1710 quam
1145 1663 1185 1696 et
1213 1654 1385 1697 alterius
1415 1656 1586 1711 ordinis,

108 1723 184 1750 vos
213 1708 443 1762 homicidii,
475 1709 661 1765 periurii,
690 1709 910 1764 sacrilegii,
956 1717 997 1751 et
1033 1725 1087 1751 ex
1125 1712 1296 1766 propria
1336 1713 1586 1767 cognatione

109 1771 237 1820 atque
275 1779 329 1806 ex
369 1763 534 1806 duabus
574 1762 788 1806 sororibus
827 1765 977 1806 incesti
1016 1766 1189 1807 crimine
1225 1781 1316 1808 esse
1352 1774 1584 1809 accusatos.

108 1819 272 1861 Dicunt
301 1826 342 1861 et
372 1819 487 1861 aliud
517 1821 665 1862 auditu
695 1821 786 1876 ipso
816 1820 1044 1870 horridum,
1079 1821 1236 1863 diaboli
1264 1837 1341 1863 vos
1371 1823 1414 1864 in
1443 1838 1586 1865 amore

109 1875 256 1916 vinum
286 1874 490 1928 bibisse13
527 1877 572 1917 in
600 1876 700 1917 ludo
730 1876 845 1918 aleae
875 1877 1003 1930 Iovis,
1033 1877 1225 1930 Veneris,
1266 1884 1586 1935 ceterorumque

107 1930 334 1972 demonum
363 1931 570 1972 auxilium
600 1932 856 1987 poposcisse.
917 1931 1100 1974 Oramus
1127 1933 1269 1988 itaque
1290 1935 1585 1989 paternitatem

107 1993 293 2028 vestram
315 1985 483 2040 obnixe,
513 2002 566 2028 ne
586 1987 766 2028 Romam
787 1988 931 2029 venire
961 1995 1090 2044 atque
1120 2003 1174 2030 ex
1204 1990 1268 2030 his
1291 1990 1486 2032 omnibus
1507 2005 1585 2032 vos

139 2057 290 2097 urgare
329 2041 614 2084 dissimuletis.
677 2042 723 2085 Si
761 2044 867 2085 forte
905 2044 991 2085 vim
1030 2046 1276 2087 temerariae
1305 2045 1587 2087 multitudinis

106 2057 353 2150 ibrmidatis,
397 2099 628 2140 iuramento
666 2097 787 2141 vobis
826 2098 1100 2141 adfirmamus
1112 2108 1140 2152 ὓ,
1178 2100 1281 2141 nihil
1320 2101 1411 2143 fieri
1447 2110 1587 2158 preter

108 2160 347 2194 sanctorum
369 2168 575 2195 canonum
596 2156 867 2196 sanctionem.
910 2155 1025 2197 Data
1046 2156 1165 2197 VIII.
1186 2156 1288 2197 Idus
1308 2156 1585 2199 Novembris’.

225 2210 288 2250 13.
333 2209 457 2250 Hane
486 2210 706 2265 epistolam
737 2225 833 2251 eum
866 2210 1050 2266 legisset,
1086 2211 1328 2253 huiusmodi
1357 2213 1586 2269 apologeti-
1600 2229 1672 2263 (ιο.)

111 2279 209 2306 cum
231 2265 419 2320 scripsit:
450 2266 668 2307 ‘Iohannes
699 2268 936 2323 episcopuS,
968 2282 1112 2309 servus
1143 2283 1360 2310 servorum
1390 2269 1470 2323 dei,
1502 2284 1585 2310 om-

107 2319 231 2361 nibus
275 2321 498 2377 episcopis.
569 2322 657 2363 Nos
699 2322 940 2364 audivimus
985 2322 1143 2377 dicere,
1194 2325 1294 2380 quia
1336 2339 1411 2366 vos
1455 2324 1584 2367 vultis

106 2375 235 2417 alium
272 2390 429 2432 papam
463 2377 620 2431 faeere3
662 2379 698 2419 si
734 2379 814 2419 hoe
852 2378 1002 2431 facitis,
1040 2380 1361 2421 excommunico
1390 2395 1466 2421 vos
1504 2381 1583 2422 da²

106 2431 232 2473 deum
263 2432 604 2488 omnipotentem,
642 2441 689 2476 ut
725 2448 810 2475 non
838 2433 1026 2477 habeatis
1055 2434 1268 2478 licentiam
1298 2435 1489 2477 nullumd
1521 2451 1583 2477 or-

108 2487 267 2540 dinare,
295 2495 340 2530 et
367 2488 539 2530 missam
570 2488 808 2532 celebrare'.

220 2543 283 2584 14.
330 2543 440 2586 Cum
469 2544 573 2587 haec
603 2560 624 2587 e
657 2545 779 2588 istola
814 2545 858 2586 in
888 2554 1033 2588 sancta
1064 2548 1224 2602 synodo
1255 2547 1475 2602 legeretur,
1512 2547 1583 2587 ad-

104 2605 320 2654 venertmt,
361 2601 433 2656 qui
462 2601 579 2656 prius
616 2561 835 2643 defuerant
863 2601 1060 2657 religiosi,
1099 2617 1124 2643 a
1152 2602 1425 2658 Lotharingia
1453 2602 1582 2643 Hein-

105 2693 135 2726 a)
158 2694 282 2720 sidonus
305 2696 333 2720 1.
415 2694 445 2728 b)
467 2697 555 2722 nobis
580 2699 604 2724 l.
687 2697 712 2730 ο)
737 2698 879 2723 adfirmus
904 2700 930 2724 1.
1012 2697 1041 2730 d)
1065 2699 1159 2723 ullum
1185 2700 1208 2723 1.
1231 2700 1279 2723 scd
1301 2699 1418 2724 nullum
1441 2697 1581 2729 quenzlum

106 2740 163 2758 esse
184 2741 216 2758 ea:
236 2735 416 2766 sequentibus
433 2739 519 2767 pacet.

108 2795 144 2839 1)
173 2796 227 2830 Of.
255 2808 285 2831 0.
314 2798 369 2839 10,
395 2799 483 2841 Leg.
513 2810 543 2832 0.
571 2799 636 2831 65:
664 2800 700 2831 in
727 2810 844 2832 amore
871 2800 905 2832 b.
925 2800 1111 2839 Iohannis;
1139 2801 1221 2832 Ant.
1241 2801 1277 2832 ΙΙ
1306 2812 1335 2833 0.
1357 2801 1412 2840 70,
1439 2799 1582 2839 Grimm,

105 2846 286 2879 Deutsche
314 2847 533 2890 Mythologie
560 2849 617 2881 53.
649 2848 753 2880 1201.
855 2849 891 2890 2)
920 2848 1100 2889 italismus,
1129 2849 1199 2881 loco
1228 2849 1284 2882 de.

1233 2914 1275 2946 9„
