1902 3200
398 216 697 249 LIUDPRANDI
724 215 948 246 LEGATIO.
999 215 1153 246 39—40.
1459 219 1523 248 153

45 328 181 380 vivat3
223 342 330 383 quae
360 326 441 366 sint
469 324 621 381 futura,
658 338 706 365 eo
746 323 1032 378 imperitante,
1072 331 1284 378 tempora3
1325 339 1432 380 pax,
1470 343 1521 368 an
1537 339 1602 365 963.

47 382 255 435 simultas,
288 379 496 422 secundae
527 380 833 420 saracenorum
863 393 952 430 reS‚
987 392 1041 418 an
1079 379 1292 419 adversae.
1352 380 1524 435 Legitur

46 438 201 493 itaque,
217 437 342 477 huius
363 434 591 489 Nicephori
607 432 866 488 temporibus
888 434 1084 487 Assyrios
1107 433 1280 475 Graecis
1300 449 1385 474 non
1402 451 1523 490 posse

45 494 251 544 resistere,
283 491 476 545 huncque
506 490 722 544 septennio
754 496 915 529 tantum
946 490 1140 541 vivere¹;
1173 497 1268 543 post
1298 490 1415 530 cuius
1438 491 1524 532 obi-

45 554 132 589 tum
163 548 457 601 imperatorem
486 545 564 585 isto
596 544 843 586 deteriorem
873 570 928 575 —
958 544 1030 585 sed
1060 545 1186 585 timeo
1214 544 1327 599 quod
1348 545 1523 587 inveniri

44 617 130 644 non
158 601 291 657 possit
320 627 373 631 —-
404 607 445 641 et
473 600 608 653 magis
638 599 848 640 imbellem
880 599 1032 640 debere
1055 614 1246 653 surgere,
1279 600 1398 640 cuius
1421 607 1523 641 tem-

43 657 219 713 poribus
248 655 465 711 prevalere
495 655 650 696 debent
678 654 783 695 adeo
814 654 996 709 Assyrii,
1035 662 1080 695 ut
1118 655 1159 695 in
1196 654 1523 696 Chalcedoniam

43 726 189 767 usque,
232 726 339 766 quae
380 710 506 751 distat
536 709 897 764 Constantinopoli
936 709 1048 750 haud
1088 710 1234 763 longe,
1274 712 1523 765 potestative

44 773 196 808 cuncta
225 766 406 808 debeant
436 766 635 807 obtinere.
689 765 967 807 Considerant
988 767 1099 805 enim
1122 766 1288 820 utrique
1310 773 1521 821 tempora3

43 836 128 862 una
158 822 390 878 eademque
411 836 454 862 re
478 821 630 863 Graeci
651 821 822 861 animati
843 821 1133 876 insequuntur,
1158 820 1352 862 Saraceni
1377 822 1523 877 (lespe-

40 878 120 918 rati
141 892 224 918 non
244 878 487 929 resistunt³3
510 884 674 931 tempus
696 883 979 930 expectantes,
1002 890 1098 916 cum
1127 883 1167 917 et
1197 877 1278 931 ipsi
1299 877 1523 932 insequan-

42 939 122 985 tur,
156 932 310 974 Graeci
339 932 503 972 interim
534 946 619 972 non
649 932 853 972 resistant.

156 989 223 1029 40.
285 987 369 1029 Sed
398 987 656 1042 Hippolytus
687 986 857 1041 quidam
882 986 1110 1028 Siciliensis
1132 987 1355 1041 episcopus
1377 988 1523 1029 eadem

44 1044 213 1098 scripsit
255 1049 294 1084 et
334 1042 386 1084 (10
422 1043 598 1098 imperio
642 1048 781 1083 vestro
822 1048 863 1082 et
905 1050 1028 1097 gente
1072 1050 1215 1083 nostra
1244 1069 1298 1072 -—
1335 1051 1522 1085 nostram

41 1113 154 1139 nunc
184 1098 279 1139 (1100
312 1113 489 1149 omnem,
522 1112 627 1153 quae
657 1098 735 1138 sub
765 1103 903 1138 vestro
935 1098 1112 1152 imperio
1143 1105 1217 1149 est,
1248 1105 1415 1151 gentem
1446 1115 1521 1151 —3

41 1161 167 1209 atque
206 1154 366 1194 utinam
404 1165 550 1193 verum
590 1153 653 1205 sit,
692 1152 805 1208 quod
845 1152 896 1193 de
936 1151 1201 1207 presentibus
1239 1154 1406 1208 scripsit
1444 1154 1522 1195 iste

41 1209 314 1263 temporibus.
376 1207 565 1261 Caetera,
597 1216 643 1249 ut
674 1208 854 1262 scripsit,
892 1215 988 1248 sunt
1024 1223 1156 1263 usque
1188 1207 1270 1248 huc
1302 1209 1521 1264 completa,

41 1263 397 1320 quemadmodum
428 1279 503 1318 per
533 1264 658 1319 ipsos,
691 1264 763 1318 qui
794 1263 942 1303 horum
972 1262 1173 1304 librorum
1204 1264 1421 1305 scientiam
1452 1264 1521 1305 ha-

40 1320 151 1372 bent,
183 1319 338 1360 audivi.
397 1319 454 1360 Et
483 1334 536 1360 ex
566 1318 706 1360 multis
738 1319 827 1359 01118
868 1318 990 1360 dictis
1025 1333 1157 1359 unum
1188 1318 1231 1359 id
1261 1319 1521 1374 proferanms

38 1375 82 1415 in
111 1374 311 1416 medium.
369 1374 443 1415 Ait
473 1375 585 1415 enim
614 1389 726 1415 nunc
756 1373 1009 1429 completum
1039 1375 1089 1414 iri
1119 1375 1384 1430 scripturam,
1416 1391 1521 1432 quae

37 1430 160 1471 dicit:
209 1431 307 1471 λέων
337 1433 407 1471 καὶ
438 1432 604 1482 σκίμνος,
636 1429 940 1481 ὁμοδιώξουσιν
971 1427 1157 1484 &ramola
1218 1429 1407 1472 *Graece
1448 1432 1519 1473 ita.

37 1485 235 1527 Latinum
280 1492 419 1527 autem
465 1486 545 1527 sic:
596 1486 694 1526 ‘Leo
736 1493 775 1527 et
813 1484 973 1526 catulus
1018 1485 1139 1526 simul
1181 1486 1521 1528 exterminabunt

38 1540 268 1595 onagrum'.
329 1541 460 1582 Cuius
490 1542 779 1597 interpretatio
820 1541 1052 1582 secundum
1085 1541 1293 1583 Graecos:
1343 1542 1444 1595 Leo,
1477 1543 1518 1583 id

37 1602 100 1638 est
129 1597 416 1637 Romanorum
447 1597 534 1638 sive
557 1596 817 1638 Graecorum
847 1597 1089 1651 imperator,
1118 1603 1158 1637 et
1187 1597 1361 1650 catulus,
1391 1599 1519 1639 Fran-

39 1665 183 1692 corum
216 1651 372 1693 scilicet
401 1667 499 1705 rex,
541 1652 664 1692 simul
694 1652 757 1692 his
788 1652 1052 1707 presentibus
1093 1653 1354 1708 temporibus
1386 1661 1519 1695 exter-

37 1707 257 1749 minabunt
297 1722 515 1763 onagrum,
551 1708 593 1748 id
633 1715 694 1756 est
732 1708 1036 1749 Saracenorum
1081 1723 1224 1763 regem
1260 1707 1518 1749 Africanum.

37 1763 159 1814 Quae
188 1763 474 1818 interpretatio
506 1777 554 1804 eo
586 1763 686 1803 mihi
716 1777 816 1804 vera
845 1777 929 1803 non
958 1763 1134 1815 videtur,
1167 1764 1366 1819 quoniam
1392 1763 1458 1806 leo
1480 1771 1520 1806 et

36 1818 211 1870 catulus,
259 1820 450 1874 quamvis
495 1818 674 1873 disparis
718 1818 1033 1873 magnitudinis,
1080 1819 1202 1859 unius
1243 1826 1384 1860 tamen
1425 1826 1520 1861 sunt

35 1881 210 1915 naturae
251 1881 291 1915 et
329 1889 347 1914 8
382 1874 485 1915 00101
522 1889 595 1914 8011
634 1875 784 1927 moris,
823 1881 948 1929 atque
987 1881 1034 1915 ut
1072 1873 1172 1914 mihi
1211 1889 1305 1915 mea
1346 1875 1520 1916 scientia

36 1929 244 1984 suggerit,
286 1930 320 1970 81
373 1943 420 1971 eo
458 1928 720 1970 Graecorum
759 1930 998 1984 imperator,
1039 1930 1340 1971 inconveniens
1371 1938 1444 1983 est,
1474 1938 1520 1972 ut

35 1984 197 2026 catulus
229 1985 282 2026 sit
310 1985 571 2026 Francorum
601 2000 689 2026 rex.
750 1985 954 2037 Quamvis
989 1985 1099 2026 enim
1130 1986 1298 2041 utrique
1328 1985 1518 2028 homines

35 2040 129 2093 sint,
174 2040 283 2081 sicut
318 2039 383 2081 leo
424 2047 465 2081 et
502 2040 663 2082 catulus
702 2047 877 2096 uterque
921 2040 1139 2094 animalia,
1186 2041 1341 2082 distant
1378 2048 1518 2083 tamen

35 2095 224 2136 moribus
254 2102 428 2148 tantum,
459 2111 544 2136 non
574 2096 669 2137 dico
701 2095 835 2137 solum
867 2103 1069 2150 qua-ntum
1101 2097 1261 2151 species
1284 2097 1516 2152 speciebus,

34 2151 108 2193 sed
144 2159 347 2206 quantum
388 2150 600 2193 sensibilia
635 2150 964 2194 insensibilibus.
1003 2151 1200 2193 'Catulus
1238 2167 1263 2192 a
1299 2153 1419 2194 leone
1458 2153 1517 2193 nil

32 2206 112 2247 nisi
142 2212 331 2262 tempore
361 2206 498 2259 distat,
530 2206 664 2248 forma
694 2207 857 2258 eadem,
898 2207 1036 2248 rabies
1066 2222 1161 2260 una,
1198 2208 1360 2259 rugitus
1391 2208 1514 2249 idem.

34 2261 293 2303 Graecorum
339 2277 415 2302 rex
451 2262 649 2314 crinitus,
694 2263 924 2314 tunicatus,
971 2263 1226 2316 manicatus,
1270 2264 1515 2316 teristratus,

32 2317 227 2369 mendax,
260 2316 442 2370 dolosus,
472 2318 780 2367 immisericors,
812 2317 1024 2373 vulpinus,
1055 2319 1275 2374 superbuS,
1306 2318 1411 2360 falso
1443 2319 1515 2359 hu-

33 2372 154 2425 milis,
185 2388 351 2428 parcus,
390 2373 583 2428 cupidus,
623 2372 717 2414 allio
750 2388 851 2428 cepe
883 2380 923 2415 et
960 2375 1094 2429 porris
1135 2390 1330 2426 vescens,
1366 2374 1515 2415 balnea

32 2428 234 2481 bibens²;
272 2429 532 2469 Francorum
566 2444 641 2470 rex
677 2437 823 2471 contra
859 2429 1032 2484 pulchre
1072 2436 1230 2483 tonsus,
1265 2445 1289 2470 a
1321 2429 1513 2470 muliebri

31 2485 186 2525 vestitu
215 2494 330 2525 veste
361 2484 562 2537 diversus,
602 2483 792 2540 pileatus,
823 2500 969 2538 verax,
1004 2485 1061 2525 nil
1092 2485 1176 2526 doli
1206 2485 1377 2538 habens,
1415 2486 1511 2526 satis

31 2538 104 2580 ubi
135 2540 334 2595 competit
374 2540 624 2592 misericors,
663 2555 834 2582 severus
874 2541 947 2582 ubi
987 2548 1173 2595 oportet,
1211 2556 1376 2595 semper
1415 2556 1512 2581 vere

30 2594 211 2647 humilis,
242 2610 458 2651 nunquam
489 2610 655 2651 parcus,
699 2610 783 2636 non
813 2595 907 2636 allio
940 2597 1053 2650 cepis
1084 2597 1218 2651 porris
1248 2611 1435 2647 vescens,
1467 2603 1512 2636 ut

31 2699 60 2734 a)
81 2702 119 2727 al.
144 2703 265 2728 interim
288 2710 350 2727 non
373 2704 511 2728 resistant
533 2705 560 2730 C.

35 2787 69 2831 1)
96 2790 274 2831 Regnavit
299 2788 518 2831 Nicephorus
545 2788 627 2821 inde
656 2799 677 2820 a
704 2789 760 2820 die
783 2789 837 2821 16.
859 2793 949 2831 Aug.
976 2801 1021 2820 m.
1046 2789 1114 2820 963
1143 2800 1253 2830 usque
1282 2789 1324 2820 ad
1349 2791 1402 2822 11.
1423 2791 1511 2822 Dec.

33 2848 78 2870 m.
107 2838 187 2870 969.
289 2837 326 2879 2)
353 2838 376 2869 i.
405 2848 434 2870 e.
462 2839 578 2870 vinum
606 2847 700 2879 aqua
727 2838 947 2879 permixtum,
976 2838 1019 2869 cf.
1047 2838 1137 2869 infra
1165 2848 1195 2870 c.
1224 2838 1281 2870 63.
1310 2838 1365 2870 65.

1536 1439 1543 1447 “
1556 1448 1584 1472 p.
1599 1440 1665 1467 356.
1704 1451 1745 1467 u-
