1812 3176
492 213 763 245 PRAEFATIO
793 214 1034 247 EDITORIS.
1427 220 1515 251 XIII

41 323 168 365 melia
192 323 430 364 ditissimae
446 322 716 364 bibliothecae
738 323 795 363 II.
817 323 855 363 2.
877 324 918 363 d.
950 325 1206 375 reconditus,
1231 326 1328 367 olim
1348 328 1514 370 Frisin-

39 380 184 434 9ensis
212 377 269 418 N.
301 378 392 430 188,
433 377 564 418 libros
595 378 702 418 duos
731 378 901 419 saeculo
931 378 1022 418 XV.
1054 394 1145 420 una
1185 380 1380 434 liyatura
1409 398 1514 423 com-

34 439 188 488 pactos
219 432 513 486 amplectitur,
547 433 645 474 inde
678 449 716 475 a.
734 433 821 486 fol.
853 432 1043 474 86—198
1073 434 1352 488 Reyinonem,
1394 439 1517 477 cuius

41 488 123 529 SS.
144 494 239 529 tom.
261 488 295 538 I,
325 487 407 528 542
436 490 687 529 mentionem
703 488 907 542 fecimus,
938 494 975 527 et
991 488 1078 542 fol.
1107 488 1241 529 1—85
1262 490 1515 543 Liudpran-

40 543 155 584 dum.
222 542 401 597 Uterque
426 545 575 596 prima
591 542 745 595 fronte
774 543 1029 584 inscribitur
1057 543 1185 584 Liber
1214 551 1355 586 sancte
1386 546 1517 587 Marie

39 597 257 651 sanctique
298 596 545 638 Corbiniani
583 597 886 652 frisingensis¹.
955 598 1296 652 Liudprandus,
1341 601 1392 641 de
1437 616 1516 655 quo

38 667 125 694 uno
155 652 223 693 hic
254 666 387 693 sermo
418 659 487 705 est,
518 654 565 693 in
582 653 698 707 folio
720 655 880 694 minori
900 659 936 694 et
948 653 1089 707 paulo
1110 654 1260 695 latiori
1282 655 1342 695 vel
1364 663 1517 710 quarto

38 707 408 758 maiorissaeculo
430 708 589 749 decimo
610 710 747 750 medio
768 711 968 762 scriptus,
997 710 1352 763 quaternionibus
1373 725 1517 751 novem

39 770 76 805 et
106 764 232 804 semis
262 764 277 807 (
307 762 358 803 ol.
390 762 544 818 8—85)
577 764 881 818 Antapodosin
912 764 1093 815 eoehibet,
1135 765 1288 819 quibus
1314 766 1519 819 praefioea

38 824 192 872 septem
209 817 266 872 fo
286 819 333 858 ia
363 818 509 873 (1—7)
549 819 774 860 historiam
817 818 981 860 Ottonis
1021 826 1310 860 servaverunt.
1368 821 1519 861 Prima

37 873 363 927 Antapodoseos
400 875 578 928 pagina
620 889 762 915 vacua
803 874 975 926 relicta,
1021 874 1195 916 ultimas
1236 875 1340 926 lO¹s4
1378 876 1517 917 lineas

36 929 243 970 historiae
281 928 446 969 Ottonis
482 931 663 983 excepit,
702 929 857 984 quibus
895 932 1084 983 spatium
1118 930 1242 971 aliud
1271 946 1357 972 non
1388 946 1516 972 vaca-

37 984 130 1036 bat,·
152 983 345 1037 reliquae
365 984 469 1034 15³l⁴
484 983 621 1025 lineae
638 990 675 1023 et
693 985 781 1025 iam
798 1000 914 1025 nunc
936 991 1107 1026 vacant.
1154 986 1450 1039 Antapodosis
1471 988 1515 1026 in

33 1039 280 1080 membrana
308 1038 436 1090 Itala,
468 1045 701 1080 atramento
732 1040 991 1094 niqricante,
1021 1056 1156 1081 manu
1187 1040 1313 1093 Itala,
1347 1057 1373 1080 a
1403 1043 1515 1082 socio

35 1094 174 1149 iyitur
204 1094 390 1147 quodam
418 1093 720 1148 Liudprandi,
759 1095 936 1148 scripta,
977 1095 1027 1135 ab
1070 1096 1164 1149 ipso
1202 1102 1341 1137 tamen
1386 1098 1513 1137 innu-

33 1151 163 1191 meris
191 1149 295 1190 locis
321 1154 557 1189 atramento
571 1148 815 1203 plurimum
836 1149 1038 1203 subfusco
1061 1157 1264 1203 correcta,
1296 1151 1514 1205 completo,

34 1204 253 1259 eoeplicata
285 1210 409 1257 atque
441 1203 654 1256 adfinem
685 1204 877 1245 demum*
906 1206 1115 1258 perducta
1155 1212 1226 1246 est.
1277 1207 1437 1248 Lineae
1470 1209 1514 1248 in

33 1262 283 1301 virziversum
312 1259 363 1299 27
388 1274 472 1313 per
497 1261 731 1313 paqinam,
761 1275 864 1301 raro
895 1260 949 1300 25
980 1268 1055 1301 aut
1083 1261 1150 1313 28,
1182 1262 1254 1302 sed
1283 1263 1331 1302 in
1363 1262 1514 1303 ultima

26 1316 206 1371 pagina
243 1314 382 1355 lineae
419 1314 485 1356 30.
548 1316 648 1355 Tres
688 1316 829 1368 operis
868 1315 991 1367 libri,
1030 1317 1221 1370 primus,
1268 1318 1445 1370 quintus
1479 1324 1515 1359 et

32 1377 189 1422 sextus,
207 1369 402 1424 fortasse
432 1376 469 1411 et
496 1370 664 1425 reliqui,
696 1372 760 1410 ita
791 1373 1012 1424 compositi
1042 1378 1153 1423 sunt,
1185 1378 1230 1412 ut
1263 1374 1385 1414 initio
1416 1388 1513 1427 spa-

32 1427 139 1467 tium
168 1426 308 1467 indici
327 1425 617 1479 capitulorum
638 1426 892 1479 eoecipiendo
918 1442 1099 1467 vacuum
1119 1434 1368 1479 remaneret,
1399 1429 1513 1482 quod

25 1481 283 1537 procedente
307 1481 474 1521 demum
493 1480 602 1522 libro
621 1481 826 1534 repletum
846 1483 1027 1523 nonnisi
1046 1497 1139 1523 cum
1160 1483 1255 1536 ipso
1280 1483 1510 1524 absolvere-

32 1543 126 1590 tur-,⁰
148 1536 263 1591 quod
282 1542 318 1576 et
340 1542 574 1577 atramento
596 1542 633 1577 et
647 1537 868 1590 scriptura
890 1537 1072 1578 diversis
1090 1544 1127 1578 et
1143 1539 1284 1591 spatio
1306 1554 1442 1580 vacuo
1467 1541 1510 1579 in

21 1591 115 1645 fine
147 1592 391 1647 aryumenti
419 1591 627 1632 librorum
649 1592 790 1645 primi
820 1598 856 1632 et
885 1595 994 1633 seoeti
1015 1593 1330 1647 comprobatur.
1375 1594 1509 1635 Liud-

24 1647 201 1701 prandi
234 1647 388 1687 manui
427 1648 573 1687 omnia
601 1646 701 1700 fere
742 1645 912 1688 Graeca
949 1663 1040 1688 una
1080 1663 1174 1688 cum
1211 1648 1510 1702 eoeplicatione,

33 1702 187 1758 quibus
215 1702 386 1756 quidem
416 1703 605 1755 spatium
637 1717 664 1744 a
699 1702 842 1743 scriba
877 1703 1067 1743 relictum
1106 1709 1209 1755 erat,
1250 1705 1323 1744 sed
1352 1710 1388 1743 et
1420 1704 1510 1745 alia

24 1756 224 1813 plurima
253 1756 470 1807 debentur,
512 1771 621 1811 quae
658 1758 706 1797 in
742 1757 991 1798 Annalibus
1027 1759 1185 1798 nostris
1225 1759 1268 1798 T.
1311 1759 1400 1811 VII,
1430 1759 1510 1799 293

28 1812 247 1862 indicavi,
292 1812 404 1852 inter
447 1817 583 1851 cetera
632 1811 800 1866 ylossae
849 1813 1020 1853 vocibus
1068 1816 1386 1866 superscriptae
1436 1821 1511 1854 aut

28 1865 309 1923 maryinales,
349 1867 397 1907 in
428 1867 613 1908 editione
643 1881 808 1921 quoque
838 1875 988 1908 nostra
1016 1869 1063 1908 ‘in
1094 1869 1292 1922 maryine
1318 1871 1509 1922 positae;

30 1929 119 1964 tum
140 1928 272 1976 caput
292 1921 488 1962 ultimum
507 1922 610 1963 libri
631 1923 773 1977 quinti
793 1929 829 1964 et
847 1923 954 1964 liber
974 1929 1118 1964 seoetus
1140 1924 1315 1977 inteyer.
1360 1924 1460 1965 Orth
1469 1940 1508 1965 o-

30 1978 223 2034 9raphia
254 1977 539 2031 Liudprandi
568 1978 616 2018 in
647 1978 819 2018 vocibus
850 1978 1085 2031 Sarraceni,
1125 1977 1405 2032 pulchritudo,
1438 1979 1511 2020 sed

30 2039 68 2075 et
98 2033 211 2085 aliiS,
254 2047 281 2072 a
321 2033 547 2086 scriptoris
587 2033 808 2085 Saraceni,
848 2032 1105 2087 pulcritudo,
1144 2041 1228 2086 set,
1268 2041 1511 2075 constanter

31 2088 185 2144 differt.
252 2087 371 2128 Unde
395 2087 545 2141 facies
585 2088 745 2129 codicis
789 2087 1047 2144 sinyularis,
1087 2104 1216 2144 quam
1251 2090 1400 2131 tabula
1432 2091 1508 2131 ad-

28 2146 140 2186 iecta
170 2144 497 2197 eoeprimendam
527 2145 693 2195 curavi,
724 2145 787 2185 ita
814 2150 861 2184 ut
880 2145 1126 2199 niyricante
1149 2151 1386 2186 atramento
1408 2160 1508 2186 eoea-

29 2205 132 2240 rata
161 2198 360 2249 scribam,
377 2198 517 2252 fusca
538 2199 824 2253 Liudprandi
852 2215 1031 2240 manum
1061 2200 1300 2241 ostendant.
1358 2200 1508 2242 Codice

28 2269 126 2295 vero
164 2254 228 2294 ita
263 2260 527 2308 comparato,
568 2254 690 2295 haud
728 2253 886 2295 mirum
927 2256 1020 2306 erit,
1058 2261 1216 2296 textum
1254 2270 1417 2310 quoque
1448 2256 1509 2297 ibi

30 2309 116 2364 leqi
157 2309 379 2363 optimum,
416 2310 699 2363 paucissimis
738 2310 954 2351 scribendi
988 2311 1125 2362 vitiis,
1167 2311 1320 2366 quibus
1364 2311 1507 2351 nullus

31 2370 181 2406 auctor
209 2363 348 2417 plane
383 2370 599 2418 eoeemptus
639 2371 711 2417 est,
750 2364 924 2407 relictis.
987 2364 1111 2413 Quod
1141 2380 1187 2406 eo
1222 2367 1363 2422 mayis
1394 2372 1430 2405 et
1460 2368 1504 2406 vin

29 2419 255 2461 historiam
275 2418 439 2461 Ottonis
461 2419 590 2471 cadit,
619 2421 735 2473 quod
766 2422 865 2474 ipsa
886 2427 987 2472 tota,
1019 2422 1110 2462 nisi
1125 2420 1282 2475 fallor,
1317 2423 1506 2462 auctoris

29 2490 164 2515 manu
203 2476 368 2529 scripta
409 2481 486 2526 est,
528 2476 655 2516 immo
685 2477 846 2517 maiore
875 2492 984 2517 cura
1013 2483 1050 2518 et
1086 2476 1331 2528 sedulitate,
1370 2477 1431 2517 ita
1465 2483 1507 2516 ut

29 2532 293 2584 scripturam
321 2531 369 2570 in
399 2531 648 2571 universum
670 2531 809 2585 paulo
840 2532 1141 2587 eleyantiorem
1170 2538 1208 2572 et
1235 2533 1376 2585 mayis
1397 2546 1504 2572 com-

23 2587 228 2640 positam,
272 2585 346 2626 sed
379 2586 529 2627 iisdem
569 2587 777 2641 cuiusque
816 2586 982 2628 litterae
1019 2594 1056 2628 et
1091 2602 1238 2628 vocum
1277 2586 1504 2627 ductibus²

29 2641 231 2695 repetitis,
264 2641 459 2694 aspicias
470 2659 483 2690 ,·
514 2641 733 2682 biennium
763 2642 826 2683 vel
846 2643 1081 2683 triennium
1102 2643 1214 2682 vinter
1233 2641 1389 2682 librum
1410 2656 1502 2682 seoe-

29 2702 117 2737 tum
165 2702 201 2737 et
251 2696 472 2738 historiam
526 2695 692 2738 Ottonis
742 2698 1009 2739 intercidisse
1059 2712 1197 2751 supra
1247 2699 1501 2738 notavimus.

32 2778 68 2820 1)
96 2778 262 2821 ‘frisinge'
296 2780 331 2811 in
366 2780 560 2822 Reginone.
677 2779 715 2822 2)
751 2782 793 2813 Id
822 2791 948 2812 vocum
983 2780 1131 2813 restituti
1165 2779 1222 2812 fol.
1252 2779 1284 2814 8.
1315 2780 1375 2812 lin.
1404 2781 1436 2813 9.
1468 2783 1501 2812 et

27 2827 148 2860 scitata
172 2827 232 2861 fol.
261 2828 318 2861 43.
344 2827 367 2859 l.
400 2828 452 2860 11.
482 2828 624 2860 collatio
653 2834 750 2862 extra
778 2829 1031 2861 dubitationem
1057 2829 1170 2871 ponit.

1531 1219 1541 1231 ⁸
1551 1227 1579 1253 p.
1593 1221 1659 1246 270.
