1902 3200
386 227 685 260 LIUDPRANDI
712 227 935 259 LEGATIO.
987 227 1116 260 9-11,
1431 231 1494 260 141

27 338 134 380 hanc
164 353 317 381 novam
346 337 529 378 haberet.
586 336 720 377 Nemo
750 335 809 376 ibi
838 351 954 389 auro,
984 350 1106 377 nemo
1129 338 1306 390 gemmis
1327 344 1496 380 ornatus
1512 353 1576 380 9803.

25 401 126 447 erat,
155 395 236 435 nisi
264 395 353 449 ipse
383 391 494 433 solus
518 392 793 447 Nicephorus,
823 406 947 446 quem
976 391 1211 447 imperialia
1241 401 1495 446 ornamenta,
1510 392 1576 418 ¹1⁸³·
1601 393 1624 418 ⁷·

21 449 78 491 ad
108 450 314 491 maiorum
344 461 542 503 personas
573 454 741 503 sumpta
770 454 810 489 et
831 448 1074 502 composita,
1104 446 1333 488 foediorem
1360 448 1497 488 reddi-

23 504 184 546 derant.
241 501 527 544 Per-salutem
555 508 749 555 vestram,
792 517 900 558 quac
941 501 1043 543 mihi
1078 516 1173 543 mea
1203 503 1338 543 carior
1368 510 1496 555 extat,

23 575 107 601 una
142 565 374 601 vestrorum
409 559 593 613 pretiosa
627 558 756 600 vestis
796 572 1030 613 procerum,
1070 564 1238 599 centum
1272 557 1419 598 horum
1457 565 1498 599 et

21 630 71 657 eo
99 614 278 670 amplius
306 614 528 668 pretiosior
557 614 639 655 est!
680 613 849 655 Ductus
886 628 964 668 ego
995 613 1049 654 ad
1080 614 1320 668 προὲλευσιν
1349 614 1495 668 ipsam,

21 671 66 711 in
94 670 357 711 eminentiori
391 668 484 710 loco
515 670 633 710 iuxta
661 668 830 725 psaltas,
868 669 911 710 id
941 676 1003 710 est
1033 675 1236 722 cantores,
1277 683 1370 709 sum
1400 684 1496 710 con-

24 725 206 767 stitutus.

135 782 198 822 10.
243 780 437 835 Cumque
468 781 587 835 quasi
623 787 791 835 reptans
827 786 1058 821 monstrum
1097 779 1201 820 illud
1235 779 1495 835 procederet,

22 836 261 878 clamabant
301 835 537 876 adulatores
575 836 756 891 psaltae:
803 835 928 876 ‘Ecce
966 836 1082 877 venit
1120 834 1240 877 stella
1278 836 1494 887 matutina,

21 892 157 947 surgit
185 891 314 944 Eous,
352 891 591 933 reverberat
628 891 778 933 obtutu
815 890 911 932 solis
941 891 1092 943 radios,
1132 890 1289 946 pallida
1321 890 1492 933 Sarace—

19 962 171 988 norum
208 962 333 999 mors,
370 946 633 1001 Nicephorus
673 948 817 999 μέδων,
855 946 898 987 id
929 954 991 988 est
1019 947 1246 1002 princeps?
1298 946 1421 988 Unde
1455 954 1496 988 et

21 1003 288 1045 cantabatur:
329 1003 519 1054 (μέδοντι,
549 1002 593 1042 id
622 1010 685 1044 est
713 1003 907 1058 principi,
950 1001 1203 1056 Nicephoro,
1249 1002 1379 1043 πολλὰ
1412 1004 1494 1055 ἔτη,

18 1058 63 1100 id
93 1065 156 1100 est
181 1057 323 1113 plures
353 1058 451 1098 anni
481 1057 610 1099 sint¹!
666 1057 823 1099 Gentes
853 1057 964 1098 hunc
993 1057 1177 1109 adorate,
1216 1057 1327 1097 hunc
1358 1057 1493 1110 colite,

19 1113 117 1155 huic
137 1120 252 1154 tanto
281 1112 386 1154 colla
406 1113 572 1166 subdite
587 1113 606 1153 Γ
637 1114 804 1165 Quanto
826 1120 925 1154 tunc
946 1113 1086 1154 verius
1107 1119 1322 1154 canerent:
1354 1112 1492 1154 Carbo

20 1169 222 1212 exstincte
258 1169 366 1221 veni,
404 1169 530 1221 μέλλε,
560 1183 664 1209 anus
694 1169 874 1222 incessu,
914 1167 1126 1223 Sylvanus
1162 1167 1295 1221 vultu,
1324 1169 1492 1219 rustice.

17 1224 257 1279 lustrivage,
303 1226 506 1279 capripes,
553 1230 736 1278 cornute,
776 1223 1034 1278 bimembris,
1078 1224 1244 1279 setiger,
1288 1223 1492 1277 indocilis,

17 1280 208 1335 agrestis,
237 1279 429 1330 barbare,
467 1278 582 1332 dure,
614 1279 758 1321 villose
774 1287 801 1333 2,
837 1279 1017 1332 rebellis,
1056 1279 1310 1334 Cappadox!
1356 1280 1493 1334 Igitur

17 1335 219 1378 falsidicis
248 1334 329 1376 illis
360 1334 527 1376 inflatus
563 1336 737 1388 naeniis,
780 1342 968 1376 sanctam
1005 1335 1207 1391 Sophiam
1245 1336 1491 1389 ingreditur,

17 1391 198 1433 dominis
244 1391 328 1431 suis
372 1391 695 1446 imperatoribus
736 1406 780 1432 se
819 1406 844 1432 a
881 1390 1004 1445 longe
1048 1391 1321 1447 sequentibus
1367 1399 1406 1433 et
1449 1392 1492 1432 in

16 1448 135 1503 pacis
166 1445 308 1488 osculo
344 1446 398 1487 ad
434 1455 587 1488 terram
626 1461 760 1502 usque
800 1446 1084 1488 adorantibus.
1143 1446 1338 1501 Armiger
1368 1446 1491 1488 huius

18 1503 173 1557 sagitta
201 1501 361 1543 calamo
391 1502 579 1542 immissa
607 1509 802 1543 aei-amass
832 1503 876 1542 in
906 1501 1084 1543 ecclesia
1103 1503 1234 1558 ponit,
1266 1517 1373 1558 quae
1397 1517 1491 1558 pro-

18 1558 224 1614 sequitur,
271 1572 353 1613 quo
392 1558 590 1598 nimirum
627 1565 814 1613 tempore
854 1559 1060 1614 imperare
1105 1559 1302 1613 coeperit⁷
1347 1566 1388 1599 et
1432 1559 1490 1599 sic

17 1628 171 1665 aeram,
203 1613 274 1668 qui
304 1612 346 1653 id
377 1628 461 1653 non
490 1613 700 1666 viderunt,
730 1613 990 1668 intellegunt.

130 1670 194 1710 11.
238 1668 333 1709 Hac
363 1667 510 1710 eadem
539 1669 606 1710 die
637 1670 857 1710 convivam
887 1684 954 1711 me
985 1669 1065 1710 sibi
1094 1684 1185 1710 esse
1215 1669 1349 1711 iussit.
1395 1670 1490 1710 Non

16 1731 131 1767 ratus
160 1730 313 1776 autem,
344 1739 411 1766 me
441 1723 616 1779 dignum
646 1740 736 1766 esse
767 1725 950 1780 cuipiam
986 1739 1156 1765 suorum
1192 1726 1368 1780 preponi
1396 1740 1491 1780 pro-

18 1795 172 1834 cerum,
204 1780 374 1836 quintus
404 1779 593 1821 decimus
617 1780 670 1821 ab
693 1795 741 1822 eo
763 1780 922 1836 absque
943 1794 1128 1836 gausape
1159 1779 1269 1833 sedi3
1300 1795 1491 1822 meorum

15 1850 137 1878 nemo
182 1836 394 1889 comitum,
438 1849 523 1876 non
566 1835 661 1876 dico
706 1835 841 1877 solum
878 1850 1047 1877 mensae
1085 1850 1170 1877 non
1204 1835 1373 1890 assedit,
1418 1836 1492 1878 sed

16 1906 153 1948 neque
183 1891 368 1945 domum,
407 1892 451 1932 in
488 1905 572 1947 qua
602 1892 779 1933 conviva
817 1907 943 1945 eram,
980 1891 1097 1933 vidit.
1164 1892 1259 1943 Qua
1288 1892 1331 1932 in
1361 1907 1494 1934 coena

14 1948 215 2003 temporis
254 1947 368 2000 satis,
414 1954 455 1988 et
493 1946 688 2001 obscena,
733 1947 945 1989 ebriorum
984 1962 1112 2001 more,
1159 1946 1250 1989 oleo
1290 1947 1491 2001 delibuta,

15 2002 181 2059 alioque
221 2002 404 2059 quodam
435 2002 658 2044 deterrimo
693 2003 875 2059 piscium
910 2002 1101 2059 liquore4
1140 2017 1323 2059 aspersa,
1361 2003 1492 2045 multa

16 2073 144 2116 super
183 2059 369 2114 potentia
403 2066 553 2112 vestra,
582 2057 714 2101 multa
753 2074 881 2115 super
918 2060 1062 2114 regnis
1100 2064 1141 2099 et
1169 2058 1385 2112 militibus,
1424 2074 1491 2102 me

15 2115 194 2169 rogavit.
254 2114 335 2156 Cui
365 2128 461 2155 cum
492 2120 797 2170 consequenter
826 2122 866 2156 et
894 2130 992 2156 vere
1022 2114 1332 2170 responderem,
1364 2115 1492 2157 ‘Men-

15 2171 152 2223 ti1·is!',
197 2171 273 2222 ait,
320 2169 492 2210 ‘domini
535 2170 595 2211 tui
638 2169 788 2211 milites
833 2170 1049 2226 equitandi
1091 2171 1239 2226 ignari,
1284 2171 1491 2226 pedestris

14 2240 183 2282 pugnae
204 2232 300 2266 srmt
320 2226 452 2279 inscii,
484 2233 699 2268 scutorum
719 2227 978 2281 magnitudo,
1009 2225 1234 2267 loricarum
1254 2227 1491 2281 gravitudo,

16 2282 180 2323 ensium
222 2280 463 2336 longitudo,
512 2281 809 2337 galearumque
858 2282 1022 2338 pondus
1066 2289 1215 2323 neutra
1257 2290 1374 2338 parte
1419 2297 1490 2324 eos

14 2351 206 2393 pugnare
237 2338 357 2391 sinit’,
386 2351 436 2378 ac
468 2337 709 2379 subridens:
741 2338 958 2394 ‘Impedit’,
988 2338 1136 2394 inquit,
1169 2342 1252 2380 ‘eos
1281 2344 1323 2380 et
1344 2340 1491 2394 gastri-

13 2444 43 2477 a)
67 2445 105 2471 al.
127 2452 220 2470 aram.
244 2446 270 2473 C.

18 2520 54 2564 1)
83 2521 238 2554 eodinus
266 2521 431 2564 Curopal.
470 2521 532 2554 lib.
560 2522 602 2554 de
637 2522 729 2556 offic.
765 2523 867 2555 aulae
897 2522 1163 2565 Constantinop.
1193 2517 1266 2566 ἅμα
1293 2516 1403 2566 ὄυντῷ
1429 2518 1488 2554 τὸν

17 2567 161 2614 βασιλέα
188 2568 349 2615 φανῆναιἸ
378 2570 410 2602 οἱ
436 2566 569 2614 ψάλται
595 2566 714 2604 αὐτίκα
741 2567 916 2614 ψάλλουσι
933 2568 972 2603 τὸ
990 2568 1233 2617 πολυχρόνιον,
1260 2571 1488 2612 simulatque

16 2622 163 2661 apparet
186 2620 375 2661 imperator
402 2623 561 2651 cantores
588 2621 704 2652 statim
734 2624 881 2660 canunt;
909 2620 954 2651 ad
973 2620 1101 2652 multos
1120 2630 1240 2658 annos,
1269 2619 1361 2661 quod
1382 2619 1488 2651 Curo-

16 2667 137 2710 palata
171 2671 276 2699 vocat
308 2665 576 2713 πολυχροιΐζειν.
634 2670 679 2700 Et
704 2669 815 2711 ipsam
844 2669 1019 2700 actionem
1045 2678 1107 2700 seu
1135 2669 1333 2699 cantionem
1361 2667 1488 2700 multos

17 2725 126 2748 annos
154 2717 334 2759 precandi,
359 2712 633 2761 πολυχρόνισμα.
663 2716 696 2749 C.
798 2716 835 2758 2)
865 2717 916 2748 Cf.
944 2718 1025 2748 Ant.
1054 2717 1084 2748 V
1113 2727 1143 2749 c.
1163 2716 1220 2753 32,
1248 2717 1377 2747 Versus
1405 2717 1488 2749 Ovi—

18 2764 75 2797 dio
102 2765 234 2797 Nasoni
261 2764 407 2796 tributos
434 2763 592 2807 (Authol.
620 2766 680 2797 lat.
709 2765 751 2796 ed
784 2766 887 2797 Riese
917 2776 946 2797 c.
971 2763 1057 2806 682)
1076 2777 1109 2797 v.
1131 2765 1159 2796 1.
1189 2766 1221 2796 3.
1249 2764 1283 2797 4.
1359 2764 1395 2797 3‘)
1416 2765 1437 2797 i.
1459 2774 1487 2797 e.

17 2823 143 2845 annum
171 2813 321 2855 imperii.
427 2811 464 2856 4)
493 2813 546 2846 Cf.
573 2815 660 2845 infra
689 2825 718 2845 c.
751 2815 812 2845 13:
840 2813 993 2855 salsugo.
1021 2824 1051 2846 c.
1080 2814 1142 2844 ‘202
1171 2823 1254 2854 garo
1284 2812 1489 2854 delibutum,

15 2871 46 2894 c.
73 2862 138 2894 32:
166 2862 244 2894 oleo
273 2866 306 2894 et
335 2871 419 2902 garo
446 2862 634 2895 sordidam.
