1878 3201
285 197 352 229 152
648 197 949 228 LIUDPRANDI
977 196 1200 229 LEGATIO.
1252 196 1405 228 37-39.

201 317 264 343 9⁶8-
285 314 326 348 et
354 307 608 359 iuraverunt,
640 321 683 347 se
714 322 821 362 quae
850 306 1102 348 latraverant
1122 322 1205 348 non
1228 313 1388 362 sponte,
1420 306 1493 347 sed
1512 307 1761 361 imperatore

281 361 449 403 volente
481 370 521 404 et
551 362 841 414 comminante,
872 362 1040 402 dixisse.
1102 361 1187 404 Sed
1216 369 1257 403 et
1284 362 1397 403 idem
1426 361 1688 416 Nicephorus
1717 363 1760 403 in

283 417 431 459 eadem
463 432 592 458 coena
622 432 687 457 me
718 418 1005 471 interrogavit,
1038 417 1071 457 si
1091 432 1166 458 vos
1187 416 1401 472 perivolia,
1432 417 1476 457 id
1497 424 1557 458 est
1579 416 1759 469 briolia1,

283 472 351 513 vel
381 473 414 513 si
444 473 486 513 in
519 471 730 528 perivoliis
772 486 950 526 onagros
985 471 1052 512 vel
1087 478 1251 513 caetera
1286 471 1483 513 animalia
1521 471 1762 513 haberetis?

285 527 366 569 Oui
397 543 506 577 cum,
537 542 612 568 vos
640 526 772 567 brolia
802 533 842 567 et
871 527 914 566 in
943 526 1086 568 broliis
1117 526 1324 579 animalia,
1359 527 1526 582 onagris
1557 528 1759 582 exceptis,

283 583 450 636 habere,
480 582 754 622 affirmarem:
801 582 980 622 ‘Ducam
1011 583 1076 634 te',
1114 582 1263 637 inquit,
1295 583 1349 622 ‘in
1377 589 1567 623 nostrum
1598 583 1762 637 perivo-

284 637 400 691 lium,
433 638 552 678 cuius
583 636 916 691 magnitudinem
957 643 997 676 et
1028 651 1221 691 onagros,
1264 637 1308 677 id
1338 644 1400 677 est
1438 637 1646 679 silvestres
1681 638 1761 678 asi-

282 708 371 746 nos,
402 699 442 734 te
473 692 626 733 vidisse
656 691 898 732 miraberis'.
943 692 1108 733 Ductus
1138 693 1279 747 itaque
1308 692 1353 732 111
1382 691 1631 746 perivolium
1660 694 1762 734 satis

283 763 497 802 magnum,
528 753 809 799 montuosum,
839 747 1087 787 fruticosum
1099 754 1128 799 ³¹,
1159 748 1331 787 minime
1366 748 1624 800 amoenumb,
1666 763 1762 789 cum

281 802 462 857 pileatus
493 803 738 858 equitarem,
777 817 927 857 meque
969 802 1226 857 coropalates
1265 817 1290 842 a
1327 801 1451 856 longe
1488 804 1760 858 prospiceret,

282 857 367 898 filio
399 857 587 899 celeriter
616 857 772 898 directo
803 858 904 897 mihi
926 858 1152 911 mandavit,
1182 858 1244 898 fas
1264 872 1349 898 non
1370 872 1472 910 esse,
1505 859 1760 914 quempiam,

282 913 356 954 ubi
385 914 613 968 imperator
643 919 764 965 esset,
794 912 1008 967 pileatum,
1039 913 1112 954 sed
1131 914 1387 954 teristratum
1407 913 1612 954 incedere.
1658 913 1760 955 Cui:

282 967 517 1020 ζΜ111101·οε’,
548 969 744 1022 inquam’,
777 973 954 1009 ‘nostrae
984 969 1156 1010 tiaratae
1188 976 1228 1010 et
1256 969 1500 1021 teristratae,
1537 969 1616 1009 viri
1646 970 1759 1024 equi-

281 1030 372 1065 tant
400 1023 555 1078 pileati.
608 1024 698 1064 Nec-
727 1024 846 1064 decet
876 1038 952 1064 vos
983 1023 1232 1079 compellere
1262 1024 1446 1079 patrium
1476 1039 1542 1064 me
1572 1024 1640 1064 hic
1670 1039 1760 1065 mu-

281 1086 369 1120 tare
411 1094 584 1132 morem,
630 1094 727 1120 011111
770 1087 943 1131 vestros,
988 1093 1064 1119 nos
1108 1080 1331 1129 adeuntes,
1387 1079 1556 1120 )atrium
1600 1094 1760 1121 morem

281 1140 421 1175 tenere
453 1135 659 1186 sinamus,
691 1135 889 1175 manicati
919 1135 1042 1187 enim,
1071 1134 1247 1187 fasciati,
1287 1095 1449 1175 fibulati
1462 1142 1491 1187 θ,
1522 1135 1671 1187 01111111,
1703 1142 1761 1176 ta-

281 1189 358 1229 lari
389 1190 531 1231 tunica
560 1190 708 1243 induti,
739 1205 867 1245 penes
899 1205 974 1231 nos
996 1191 1198 1245 equitant,
1229 1189 1441 1241 incedunt,
1472 1205 1640 1231 mensae
1660 1191 1760 1232 assi-

281 1244 391 1297 dent,
424 1253 476 1296 et,
509 1245 622 1300 quod
651 1246 802 1286 nostris
834 1245 1027 1286 omnibus
1057 1247 1180 1286 nimis
1211 1252 1332 1300 turpe
1363 1245 1541 1298 videtur,
1572 1246 1653 1300 ipsi
1683 1246 1760 1287 soli

282 1301 418 1355 capite
451 1309 594 1355 operto
625 1301 899 1356 imperatores
931 1308 1095 1342 nostros
1126 1301 1433 1342 deosculantur.
1455 1327 1510 1332 —
1530 1301 1656 1352 Quod
1676 1316 1761 1342 non

279 1354 457 1410 amplius
487 1356 578 1397 fieri
608 1355 711 1397 deus
732 1357 977 1411 permittat’!
1000 1357 1149 1398 tacitus
1171 1356 1273 1396 dixi.
1294 1382 1347 1387 ——
1369 1356 1605 1397 ‘Revertere
1626 1357 1758 1412 ergo'!

280 1411 428 1466 inquit.

390 1467 456 1507 38.
516 1465 641 1517 Quod
679 1480 775 1506 cum
813 1465 1008 1519 facerem,
1046 1473 1271 1507 occurrunt
1306 1466 1406 1506 mihi
1444 1467 1651 1508 commisti
1692 1481 1759 1508 ca-

279 1521 403 1576 preis,
435 1536 540 1576 quos
570 1522 652 1576 ipsi
682 1521 840 1573 dieunt,
872 1522 1030 1577 onagri.
1080 1522 1177 1572 Sed,
1210 1536 1377 1577 quaeso,
1409 1521 1551 1577 quales
1583 1523 1762 1578 onagri?

281 1576 436 1628 Quales
468 1584 564 1618 sunt
595 1576 827 1618 Cremonae
859 1577 1090 1618 domestici.
1136 1576 1262 1619 Color
1290 1577 1414 1629 idem,
1443 1577 1578 1617 forma
1598 1579 1759 1631 eadem,

278 1632 404 1672 auriti
434 1632 591 1686 itidem,
621 1632 786 1673 vocales
816 1632 1004 1674 similiter
1035 1648 1131 1673 cum
1160 1632 1310 1674 rudere
1339 1633 1565 1687 incipiunt,
1601 1635 1760 1689 magni-

278 1687 378 1728 tudo
420 1703 503 1728 non
535 1687 689 1743 dispar,
728 1687 927 1729 velocitas
966 1704 1061 1739 una,
1093 1687 1234 1728 dulces
1264 1687 1404 1743 lupisd
1436 1703 1582 1744 aeque.
1641 1689 1759 1741 Quos

279 1757 377 1783 cum
407 1744 608 1796 viderem,
640 1744 896 1799 coequitanti
928 1743 1091 1785 Graeco
1122 1744 1315 1799 inquam:
1356 1743 1626 1785 ‘Huiusmodi
1654 1759 1759 1786 nun-

279 1813 406 1854 quam
446 1800 490 1839 in
531 1798 717 1840 Saxonia
752 1798 866 1840 vidi’.
927 1799 1005 1852 Si',
1042 1800 1199 1854 inquit,
1239 1799 1446 1840 ‘dominus
1481 1806 1576 1840 tuus
1614 1807 1759 1842 sancto

277 1854 521 1908 imperatori
565 1855 844 1907 morigeratus
880 1855 1028 1907 fuerit,
1069 1854 1220 1895 multos
1260 1853 1318 1894 illi
1354 1854 1592 1896 huiusmodi
1628 1855 1757 1909 dabit,

278 1910 438 1964 eritque
468 1909 526 1949 illi
555 1924 640 1950 non
670 1923 799 1964 parva
820 1910 965 1965 gloria,
998 1925 1091 1950 cum
1113 1911 1203 1964 ipse
1224 1909 1468 1965 possidebit,
1501 1910 1614 1965 quod
1634 1925 1757 1952 nemo

278 1964 544 2005 dominorum
575 1964 841 2006 decessorum
873 1980 1045 2006 suorum
1073 1966 1201 2007 vidit'.
1252 1964 1337 2006 Sed
1357 1965 1459 2005 mihi
1489 1966 1656 2019 credite,
1688 1967 1760 2008 do-

278 2021 380 2060 mini
416 2021 500 2061 mei
537 2021 720 2075 augusti,
767 2021 974 2062 confrater
1013 2028 1053 2063 et
1091 2021 1366 2076 coepiscopus
1407 2036 1524 2062 meus
1565 2021 1759 2063 dominus

277 2075 515 2116 Antonius2
545 2082 683 2130 potest
711 2090 795 2116 non
826 2076 1040 2117 inferiores
1062 2077 1174 2128 dare,
1203 2083 1249 2117 ut
1270 2077 1520 2118 commercia
1539 2083 1758 2131 testantm,

279 2146 387 2187 quae
417 2131 523 2173 fiunt
554 2130 807 2183 Cremonae3
838 2139 963 2187 atque
993 2132 1074 2187 ipsi
1103 2146 1188 2172 non
1226 2132 1372 2186 onagri
1413 2131 1486 2173 sed
1525 2131 1756 2186 domestici,

279 2201 364 2227 non
410 2187 534 2230 vacui
588 2186 661 2228 sed
706 2188 865 2228 onerati
904 2187 1152 2242 procedunt.
1222 2186 1306 2228 Sed
1346 2201 1443 2227 011111
1479 2201 1529 2228 03
1567 2190 1758 2243 superius

278 2243 433 2296 scripta
472 2241 603 2283 verba
642 2241 754 2283 idem
795 2243 1034 2297 Nicephoro
1073 2242 1322 2293 nuntiasset,
1362 2243 1617 2284 transmissis
1654 2243 1757 2284 mihi

277 2297 441 2338 duabus
481 2299 654 2352 capreis,
699 2306 745 2339 ut
783 2298 965 2350 abirem,
1004 2298 1215 2339 licentiam
1255 2297 1382 2339 dedit.
1439 2298 1490 2339 In
1529 2299 1757 2340 crastinum

277 2360 416 2395 autem
449 2353 615 2408 Syriam
644 2368 792 2393 versus
821 2354 1042 2408 profectus.

388 2409 454 2450 39.
524 2409 607 2449 Sed
657 2423 732 2449 cur
781 2410 1013 2450 exercitum
1061 2415 1198 2448 nunce
1248 2409 1291 2448 in
1332 2408 1531 2463 Assyrios
1576 2409 1756 2462 duxerit,

278 2478 434 2519 quaeso
475 2465 690 2504 advertite.
756 2464 927 2505 Habent
969 2464 1121 2505 Graeci
1162 2470 1201 2504 et
1238 2464 1435 2505 Saraceni
1469 2463 1609 2515 libros,
1648 2479 1753 2520 quos

277 2518 457 2573 ὁράσεις,
490 2520 576 2560 sive
606 2520 800 2571 visiones,
830 2518 1020 2560 Danielis
1040 2526 1204 2571 vocant,
1234 2533 1312 2573 ego
1333 2526 1472 2560 autem
1495 2519 1753 2574 Sibyllanos3

276 2575 320 2615 in
350 2573 503 2630 quibus
534 2575 733 2629 scriptum
763 2576 979 2630 reperitur,
1019 2581 1119 2630 quot
1158 2575 1276 2614 annis
1314 2575 1540 2630 imperator
1576 2577 1754 2631 quisque

278 2657 307 2690 a)
331 2659 517 2683 fructuosum
535 2659 561 2684 C.
585 2659 762 2683 fruticosum
778 2658 899 2683 Giesebr.
957 2658 1166 2690 1¹)a1naenum
1191 2659 1220 2685 C.
1274 2658 1299 2691 c)
1314 2659 1350 2684 αῖ.
1374 2658 1500 2690 vipolati
1524 2659 1551 2685 C.
1600 2658 1629 2692 d)
1648 2659 1760 2692 rupes?

279 2698 400 2723 Giesebr.
484 2696 512 2730 e)
535 2705 596 2722 nou
619 2698 647 2722 C.

282 2758 317 2800 1)
343 2756 566 2805 περιβόλαια,
594 2760 663 2791 luci
690 2760 841 2792 ferarum
868 2761 975 2793 muris
1002 2765 1061 2792 aut
1087 2761 1228 2804 sepibus
1257 2761 1373 2801 cincti,
1402 2761 1445 2792 cf.
1465 2762 1546 2795 Ant.
1567 2762 1625 2794 III
1646 2773 1674 2794 c.
1699 2763 1754 2795 14.

283 2808 320 2849 2)
347 2809 545 2851 Episcopus
573 2808 778 2848 Brixiensis,
808 2809 852 2840 cf.
877 2810 956 2841 Ant.
984 2810 1015 2841 V
1044 2820 1073 2842 c.
1102 2810 1157 2841 29.

1840 127 1845 131 2
1827 35 1846 90 ‚zv
1816 0 1848 26 ,ᾰῖ
