1853 3209
167 193 212 223 46
361 192 663 225 LIUDPRANDI
689 193 1033 227 ANTAPODOSIS.
1085 194 1178 228 LIB.
1204 195 1253 227 11.
1304 194 1459 227 48—51.

87 301 429 358 914.p0ntificium
469 317 685 358 usurpare.
754 303 849 344 Hoc
876 304 1023 357 ‘igitur
1072 312 1310 346 sanctorum
1359 304 1644 360 apostolorum

74 353 150 384 ΑΨ·
165 358 302 400 taliter
321 359 481 399 vicario
504 359 743 410 constituto,
774 358 918 410 Poeni,
950 366 996 399 ut
1015 359 1202 413 prefatus
1224 375 1330 413 sum,
1351 360 1645 401 Beneventum

166 414 463 468 Romanasque
493 413 620 454 urbes
651 413 830 453 miserea
860 412 1086 454 laniabant.

276 470 344 510 49.
406 468 601 508 Acciditb
658 469 838 520 interea,
895 468 1134 510 Poenorum
1189 471 1399 525 quendam
1446 472 1646 511 iuvenem

164 526 326 566 iniuriis
380 523 644 564 lacesscitum
697 524 862 564 Poenos
916 523 1109 565 deserere
1166 524 1365 580 huncque
1413 526 1646 567 Iohannem

164 594 319 636 papam
357 578 567 630 advenire,
612 593 742 634 seque
772 578 915 619 divino
955 586 1112 620 tactum
1143 581 1369 635 spiramine
1404 595 1558 636 papam
1587 581 1648 622 ita

166 635 431 676 convenisse:
463 633 684 675 ‘Sacerdos
705 649 871 689 magne,
902 635 937 675 si
959 648 1139 690 saperes,
1170 636 1375 690 populum
1406 644 1646 690 terramque

164 691 242 732 tibi
263 689 496 731 subiectam
518 690 682 731 Poenos
712 696 798 730 tam
827 690 1013 744 graviter
1041 690 1198 731 laniare
1219 706 1303 732 non
1324 693 1492 733 sineres.
1522 691 1646 745 Elige

164 747 293 801 igitur
331 746 505 786 iuvenes
543 746 673 786 nimia
704 746 823 800 quasi
853 744 1084 787 mobilitate
1113 746 1341 801 volipedes,
1374 748 1444 802 qui
1474 762 1540 788 me
1571 747 1647 786 im-

164 807 412 857 peratorem,
429 807 733 854 preceptorem,
750 800 969 841 dominum
986 802 1262 857 equanimiter
1274 802 1460 843 audiant.
1481 802 1646 842 Horum

163 857 374 898 neminem
411 855 571 910 aliquid
610 862 750 911 preter
789 855 975 911 singulas
1012 870 1181 912 parmas
1226 857 1498 912 singulosque
1536 856 1647 912 pilos

164 926 369 967 ensesque
398 911 599 965 singulos,
630 925 680 952 ac
710 911 923 966 simplices
945 919 1081 953 vestes
1113 927 1209 953 cum
1231 914 1461 968 exiguitate
1483 911 1648 954 obsonii

161 967 317 1009 habere
346 967 569 1021 permitto'.

275 1023 371 1064 50st
414 1022 496 1062 LX
540 1022 724 1077 denique
767 1022 1008 1063 huiusmodi
1050 1023 1231 1064 inventis
1272 1022 1438 1079 sibique
1468 1022 1647 1076 traditis,

162 1080 301 1120 Penos
332 1084 477 1118 contra
504 1084 714 1133 properat,
744 1077 949 1133 latuitque
980 1092 1101 1119 secus
1128 1085 1342 1134 angustas,
1374 1093 1459 1135 qua
1487 1079 1648 1119 Poeno-

162 1134 287 1175 rum<l
318 1134 397 1174 iter
427 1139 528 1185 erat,
559 1135 661 1174 vias.
722 1132 917 1189 Cumque
949 1134 1225 1175 circumcirca
1255 1136 1396 1190 sepius
1427 1141 1467 1176 et
1495 1135 1647 1175 iterum

162 1190 293 1231 Poeni
334 1188 638 1244 depopulantes
667 1188 872 1243 redirent,
915 1189 1112 1244 clangore
1143 1205 1240 1230 cum
1270 1191 1457 1231 maximo
1489 1204 1543 1231 ex
1572 1189 1648 1230 im-

163 1246 337 1300 provisu
367 1251 495 1298 atque
525 1244 738 1299 insperato
768 1244 811 1285 hi
832 1260 885 1286 ex
916 1245 1078 1286 insidiis
1109 1245 1372 1300 prosilientes
1386 1254 1415 1299 e,
1447 1259 1518 1287 eos
1547 1244 1648 1286 levi-

16 1304 67 1338 ⁸1³-
83 1306 149 1332 298·
164 1308 227 1342 ter
267 1299 547 1341 trucidabant.
608 1299 779 1340 Clamor
815 1315 869 1342 ex
908 1315 1000 1353 ore,
1041 1301 1237 1356 ictusque
1278 1301 1402 1342 simul
1432 1316 1457 1341 a
1486 1304 1646 1342 *manu

164 1363 468 1411 processerant.
525 1354 673 1411 Neque
711 1356 822 1396 em'm
861 1357 1011 1408 Poeni,
1053 1357 1127 1411 qui
1167 1356 1320 1412 quidve
1361 1364 1488 1408 esset,
1528 1357 1648 1411 prius

165 1412 271 1452 scire
300 1417 514 1466 poterant,
556 1425 682 1464 quam
726 1413 902 1452 istorum
935 1412 1099 1466 spicula
1128 1412 1278 1453 horum
1309 1412 1555 1467 corporibus
1584 1412 1645 1452 in-

163 1467 368 1508 hererent.
426 1466 520 1506 Hac
560 1466 742 1520 denique
778 1466 890 1507 fama
918 1466 1084 1522 hocque
1114 1467 1315 1508 exercitio
1350 1467 1539 1508 nonnulli
1567 1467 1649 1507 Ro-

6 1529 24 1553 i·
39 1535 64 1553 e·
80 1535 149 1573 1›1[0·
164 1536 386 1563 manorum
423 1521 594 1573 acciti*,
638 1522 830 1577 plurimis
870 1523 1035 1563 Poenos
1078 1522 1122 1562 in
1164 1522 1267 1564 locis
1311 1528 1647 1577 prostraverant3

17 1570 128 1594 ‘man‘
163 1577 399 1632 callidoque
444 1576 523 1617 hoc
567 1577 756 1619 Africani
799 1577 973 1618 consilio
1017 1578 1178 1629 adtriti,
1224 1578 1412 1619 civitates
1454 1578 1649 1634 poenitus

161 1641 287 1689 rupto
318 1632 488 1674 foedere
519 1632 782 1685 deserebant,
813 1633 1034 1689 solumque
1057 1633 1330 1675 Garelianum
1360 1641 1546 1675 montem
1567 1634 1649 1676 sibi

162 1704 239 1745 pro
270 1689 503 1729 munitione
534 1688 788 1745 delegerant.

78 1749 148 1784 (14·)
275 1746 342 1786 51.
386 1744 573 1785 Iohanne
609 1745 773 1800 itaque,
814 1751 861 1785 ut
890 1744 1040 1799 prefati
1070 1760 1229 1798 sumus,
1266 1759 1379 1801 papa
1409 1746 1649 1798 constituto,

162 1799 392 1841 Landolfus
421 1799 607 1855 quidam,
636 1801 702 1841 vir
731 1806 925 1841 strenuus
945 1800 1237 1857 bellorumque
1263 1801 1463 1842 exercitio
1485 1800 1647 1854 doctus,

161 1856 555 1897 Beneventanorum
585 1863 627 1897 et
648 1855 948 1910 Captianorum
980 1857 1166 1897 omnium
1196 1857 1392 1912 princeps
1423 1856 1648 1898 clarebat1.

161 1912 316 1952 Poenis
344 1911 474 1966 igitur
495 1917 649 1952 statum
679 1912 739 1952 rei
769 1910 965 1966 publicae
985 1927 1069 1953 non
1094 1911 1363 1953 mediocriter
1391 1911 1647 1954 labefactan-

161 1966 287 2020 tibus,
316 1965 570 2006 Landolfum
605 1967 717 2007 hunc
752 1968 990 2022 principem
1030 1968 1267 2022 egregium,
1308 1967 1410 2024 quid
1448 1982 1574 2023 super
1602 1983 1648 2010 re

160 2021 476 2063 huiusscemodi
507 2037 633 2078 quam
662 2021 852 2063 Africani
888 2030 1032 2077 agunt,
1071 2022 1279 2065 Iohannes
1309 2022 1494 2065 consulit
1520 2037 1647 2079 papa.

163 2077 290 2130 Quod
319 2078 516 2133 princeps
544 2085 591 2120 ut
619 2077 801 2130 audivit,
839 2093 995 2133 papam
1034 2093 1111 2134 per
1147 2080 1426 2120 internuntios
1462 2079 1522 2119 ita
1551 2093 1648 2120 con-

160 2134 297 2175 venit:
339 2133 434 2174 ‘Res
463 2133 586 2186 haec,
628 2133 826 2189 spiritalis
863 2141 1006 2189 pater,
1045 2136 1210 2189 magnis
1251 2142 1315 2176 est
1354 2134 1647 2188 investiganda

162 2188 360 2231 consiliis.
418 2189 573 2231 Mittito
613 2189 796 2246 denique
833 2190 887 2230 ad
916 2189 1131 2245 Argorum
1173 2190 1485 2246 imperatorem,
1526 2191 1645 2231 cuius

162 2253 201 2288 et
231 2245 314 2300 ipsi
344 2259 437 2286 eam
467 2259 575 2300 quae
607 2246 666 2287 cis
696 2259 810 2286 mare
841 2252 905 2287 est
933 2253 1102 2298 terram,
1132 2246 1242 2287 sicut
1272 2252 1313 2288 et
1340 2252 1539 2298 nostram,
1577 2246 1646 2287 de-

160 2300 367 2356 populare
405 2315 489 2342 non
528 2308 705 2342 cessant.
771 2299 1018 2343 Camerinos
1063 2302 1188 2343 etiam
1232 2308 1275 2343 at
1306 2317 1359 2343 ue
1404 2299 1644 2356 Spoletinos

160 2362 351 2398 nostrum
387 2356 441 2397 ad
485 2357 692 2398 auxilium
734 2357 929 2409 invitat03
974 2358 1240 2413 iniamusque
1277 2317 1363 2399 {eo
1407 2361 1646 2412 protectore

162 2426 259 2453 cum
297 2411 362 2452 his
399 2412 550 2454 acriter
583 2412 754 2454 bellum.
815 2413 861 2454 Si
889 2413 1120 2463 vincimus,
1158 2427 1242 2453 non
1281 2411 1541 2454 multitudini
1570 2412 1644 2454 sed

161 2467 241 2509 deo
270 2467 450 2508 victoria
478 2468 730 2523 imputetur3
772 2469 806 2508 si
836 2483 937 2509 vero
968 2468 1148 2509 vicerint
1176 2468 1321 2521 Poeni,
1350 2467 1537 2524 peccatis
1572 2482 1644 2510 no-

162 2523 257 2566 stris
287 2528 327 2564 et
354 2538 439 2565 non
468 2522 680 2565 inherciae
710 2523 958 2579 deputetur’.

162 2630 191 2663 a)
222 2633 366 2658 miserere
396 2633 421 2658 1.
539 2630 569 2663 b)
599 2631 702 2657 Acidit
734 2634 757 2657 1.
881 2631 907 2665 c)
938 2633 988 2658 hor:
1017 2636 1100 2665 caput
1132 2632 1160 2658 in
1190 2632 1280 2656 codice
1312 2634 1324 2656 1
1358 2640 1415 2658 non
1444 2632 1641 2663 distinguitur.

162 2671 192 2702 d)
215 2678 403 2702 poenoorum
427 2673 452 2696 1.
536 2670 563 2702 e)
586 2671 774 2702 prosilientis
798 2673 823 2696 l.

165 2768 200 2811 1)
229 2769 282 2802 Cf.
311 2771 400 2802 Ann.
437 2771 630 2803 Benevent.
659 2771 745 2802 915:
783 2772 850 2804 hoc
885 2783 977 2804 anno
1015 2771 1149 2815 expulsi
1185 2771 1370 2804 sarraceni
1406 2782 1426 2803 a
1463 2770 1644 2804 Gariliano

161 2828 224 2861 per
251 2818 401 2850 eundem
427 2819 640 2852 Landolfum
667 2820 873 2863 principem.
