1902 3200
326 198 625 232 LIUDPRANDI
652 196 995 230 ANTAPODOSIS.
1046 197 1141 231 LIB.
1169 198 1237 229 111.
1291 199 1333 229 26
1535 198 1578 230 65

101 311 404 362 Alexandrum,
435 309 606 350 fratrem
635 320 897 362 germanum,
936 306 1192 361 unicumque
1222 321 1344 347 suum
1377 306 1663 348 constan-⁹12·

101 369 250 419 tinum,
281 365 351 421 qui
381 378 492 405 nunc
514 368 705 418 superest
734 368 775 403 et
803 360 979 403 feliciter
1008 368 1166 415 regnat,
1197 360 1433 415 parvulum,
1464 370 1504 403 et
1535 370 1580 404 ut

103 422 231 464 Greci
261 422 376 461 aiunt
405 417 553 470 alalon,
585 418 628 458 id
658 424 719 459 est
748 432 832 458 non
857 415 1111 471 loquentem,
1151 420 1303 457 αλαλον
1336 415 1579 471 dereliquid.

103 477 269 529 Quibus
299 474 353 515 ad
383 473 583 516 tuendum
616 472 818 528 palatium
848 471 1155 525 tutandamque
1177 486 1264 511 rem
1286 471 1506 525 privatam,
1537 478 1579 511 ut

102 533 195 573 istic
242 531 369 572 moris
419 536 493 581 est,
542 528 779 569 eunuchum
830 526 967 567 officio
1016 525 1405 581 parakimimensm¹
1454 525 1579 576 dedit,

100 588 247 629 Fooz'm
277 599 375 626 vero
407 587 650 636 δομεστικον
681 599 815 636 μεγαν,
847 582 1122 623 domesticum
1154 582 1367 632 maiorem,
1408 580 1487 621 hoc
1519 588 1582 622 est

101 641 305 684 terrestris
335 641 485 682 ducem
517 640 740 690 exercitus,
771 638 881 679 fecit.
941 638 1159 678 Romamn]
1181 643 1334 687 autem,
1364 650 1447 676 non
1468 635 1580 676 claro

99 695 301 738 natalium
355 695 477 736 hortu
530 695 603 736 sed
650 694 788 735 cordis
835 693 1177 747 magnanimitate
1231 690 1479 745 delongarin
1530 692 1581 732 tis

98 753 232 808 ploOs,
273 754 520 806 δελονγαρην
558 766 630 801 της,
660 753 807 801 πλοῶς,
847 750 926 790 1100
955 755 1016 789 est
1044 746 1203 788 navalis
1233 747 1442 788 exercitus
1472 747 1583 801 prin-

98 808 251 863 cipem,
284 807 504 848 ordinavit.
563 805 806 846 Alexander
846 810 942 859 post
971 803 1185 844 modicum
1225 802 1458 853 defunctus,
1503 801 1577 842 soli

100 861 375 904 Constantino
407 861 581 917 parvulo
612 861 834 915 imperium
865 858 1096 915 dereliquit.
1166 858 1361 912 Denique
1391 863 1579 911 tempore
1595 871 1665 896 913.

101 932 184 973 quo
216 932 393 972 magnus
423 918 651 972 imperator
681 917 766 957 Leo
807 915 1001 970 migravit
1040 913 1093 954 ad
1127 912 1353 963 Christum,
1394 912 1578 967 prefatus

99 974 238 1016 Foca'ls
269 973 537 1025 domesticus,
567 972 773 1013 terrestris
801 970 888 1011 dux
917 971 1141 1020 exercitus,
1172 974 1317 1009 contra
1340 968 1579 1009 Simeonem

99 1028 396 1083 Bulgariorum
428 1042 570 1083 regem
602 1028 744 1082 copias
777 1026 968 1077 duxerat,
1015 1026 1137 1080 cique
1170 1022 1577 1078 Constantinopolim

98 1085 242 1125 venire
279 1084 462 1138 cupienti
493 1097 576 1123 non
606 1081 822 1122 inviriliter
850 1085 1147 1136 repugnarata.
1207 1079 1418 1119 Romanos
1464 1093 1663 1130 vcro,919.

99 1146 146 1180 ut
173 1153 258 1179 non
288 1138 521 1190 incallidus,
554 1137 696 1178 audito
727 1138 1040 1191 imperatorum,
1081 1135 1236 1175 Leonis
1266 1133 1424 1174 scilicet
1453 1140 1580 1188 atque

99 1193 344 1246 Alexandri,
386 1193 568 1245 interitu,
614 1192 729 1233 haud
768 1191 892 1247 longe
930 1190 983 1231 ab
1025 1189 1129 1231 urbe
1171 1188 1344 1230 collecto
1381 1188 1579 1230 classium

98 1250 287 1291 exercitu
318 1249 408 1302 fuit,
437 1257 564 1304 atque
594 1249 636 1288 in
666 1247 845 1288 insulam
875 1260 1050 1302 parvam
1081 1246 1199 1286 iuxta
1230 1244 1582 1300 Constantinopo-

99 1303 184 1357 lim,
215 1305 273 1346 ita
302 1312 349 1346 ut
377 1320 400 1346 e
430 1304 611 1360 palatiob
653 1303 787 1345 videri
822 1317 956 1358 poene
996 1308 1150 1357 posset,
1191 1301 1353 1342 ratibus
1393 1299 1578 1342 collectis

96 1360 308 1401 advenit2.
367 1359 437 1401 Ad
475 1359 678 1414 palatium
713 1365 853 1400 autem
895 1358 1067 1398 minime
1101 1356 1396 1408 transfretavit,
1436 1355 1580 1397 laudes

98 1416 219 1457 iuxta
241 1415 589 1457 consuetudinem
610 1414 974 1469 Porphyrogenito
997 1413 1168 1453 minime
1189 1412 1442 1453 decantavit.
1487 1411 1580 1463 Que

99 1486 166 1512 res
215 1470 408 1513 eunucho
463 1470 799 1526 parakinumeno
855 1469 1102 1524 cunctisque
1152 1466 1578 1521 Constantinupoleos

102 1527 362 1582 principibus
393 1534 607 1582 stuporem
638 1526 884 1567 timoremve
913 1539 1091 1579 parvum
1119 1538 1204 1564 non
1234 1522 1394 1564 adtulit.
1450 1523 1581 1563 Inter-

101 1583 260 1625 nuntiis
289 1584 443 1639 itaque,
474 1582 576 1637 quid
606 1582 684 1622 hoc
712 1581 887 1622 monstri
908 1581 973 1633 sit,
1004 1579 1117 1635 quod
1137 1594 1279 1633 regem
1301 1594 1385 1619 11011
1404 1578 1580 1619 adieritc

100 1637 330 1694 laudesque
375 1638 537 1680 debitas
581 1652 664 1678 non
708 1636 968 1692 persolverit,
1010 1635 1287 1676 sciscitaturd.
1346 1633 1511 1689 Hisque
1557 1648 1581 1673 a

102 1693 292 1734 Romano
337 1694 627 1749 respondetur,
664 1692 778 1748 quod
813 1692 1009 1747 propriae
1047 1691 1158 1731 vitae
1197 1690 1348 1731 timens
1377 1689 1580 1744 palatium

101 1748 344 1801 declinarit,
389 1756 430 1790 et
469 1748 636 1800 adiecit,
665 1747 787 1803 ‚quod
825 1747 858 1787 si
894 1746 1249 1801 parakinumenos
1280 1745 1453 1785 caeteris
1483 1759 1581 1785 cum

101 1805 364 1860 principibus
395 1819 438 1845 se
477 1818 561 1845 non
599 1803 745 1855 adiret,
781 1803 997 1857 vitamque
1039 1800 1097 1841 illi
1128 1808 1168 1842 et
1197 1801 1398 1841 honorem
1428 1800 1582 1840 iureiu-

102 1860 234 1901 rando
256 1860 529 1916 promitteret,
560 1874 661 1899 mox
682 1873 725 1899 se
746 1857 800 1898 ad
823 1857 1087 1899 Cretensium
1111 1857 1417 1898 Saracenorum
1438 1869 1581 1909 regem

103 1915 322 1969 conferret,
358 1929 621 1971 regnumque
658 1913 912 1969 Argivorum
951 1913 1014 1953 sui
1055 1911 1199 1952 auxilii
1240 1910 1483 1952 fortitudine
1514 1909 1582 1951 de-

101 1970 287 2013 bellaret.
366 1971 493 2023 Quod
542 1984 669 2026 quam
725 1968 873 2011 callide
922 1968 1094 2020 dixerit,
1152 1968 1289 2008 exitus
1339 1965 1582 2008 declarabit.

101 2026 237 2082 Igitur
267 2027 380 2082 quod
410 2026 558 2082 prefati
588 2041 746 2078 sumus,
784 2025 997 2080 principes
1033 2029 1189 2064 terrore
1221 2021 1426 2077 compulsi
1466 2022 1583 2075 igno—

100 2089 327 2138 rantesque
359 2082 472 2138 quod
501 2081 649 2123 lateret
669 2083 819 2136 anguis
839 2082 883 2121 in
903 2080 1032 2122 herba
1044 2087 1075 2132 ³,
1108 2093 1252 2119 omnes
1275 2078 1385 2118 hunc
1410 2077 1583 2117 fiducia-

100 2137 195 2180 liter
225 2139 392 2191 adeunt,
425 2138 539 2193 quod
578 2137 853 2178 mandaverat
890 2142 1106 2191 gratanter
1146 2135 1360 2189 cupientes
1396 2131 1584 2188 implere.

104 2193 222 2245 Quos
254 2209 410 2246 onmes,
442 2208 526 2234 non
557 2193 666 2233 malo
698 2191 870 2234 consilio
907 2197 1096 2246 accepto,
1138 2191 1347 2245 proiectos
1388 2189 1431 2228 in
1461 2188 1585 2229 senti—

103 2263 200 2289 nam
230 2248 350 2304 ligat3
382 2250 528 2304 sicque
558 2263 731 2290 securus
770 2248 824 2289 ad
860 2246 1009 2288 urbem
1048 2259 1204 2301 magno
1245 2259 1341 2287 cum
1382 2244 1585 2285 comitatu

102 2303 283 2356 festinat,
313 2306 376 2358 iis,
409 2319 515 2360 quos
543 2310 760 2359 suspectos
796 2302 1012 2355 habuerat,
1043 2300 1245 2357 palatium
1281 2306 1446 2356 purgat,
1486 2313 1585 2339 suae

133 2361 212 2401 arti
242 2367 520 2416 paroe11tes0⁴
549 2360 609 2402 ibi
630 2359 822 2400 collocat:
857 2365 1076 2410 rectorem,
1107 2357 1342 2412 magistros,
1373 2355 1585 2410 patricios,

102 2375 350 2471 logothetim,
383 2416 608 2471 cparchon,
637 2415 851 2467 kitonitas,
889 2412 1181 2464 cubicularios,
1212 2410 1585 2467 protospatharios,

104 2471 362 2527 spatharios,
418 2470 892 2527 spatharocandidzitos,
935 2467 1275 2524 parathalassitin
1319 2480 1417 2507 suos
1464 2465 1585 2515 facit3

105 2597 135 2631 a)
158 2598 348 2630 repugnabat
367 2605 442 2624 corr.
456 2601 639 2630 repugnarat
661 2606 683 2625 c.
760 2596 790 2629 b)
808 2597 925 2629 pulatio
950 2598 976 2621 1.
1047 2594 1073 2627 e)
1092 2595 1220 2620 audierit
1246 2596 1268 2618 1.
1340 2593 1369 2623 d)
1385 2592 1537 2617 siscitatur
1562 2591 1588 2617 1.

106 2636 134 2669 e)
157 2640 317 2669 paroentes
342 2639 373 2669 1;
397 2645 413 2663 ο
435 2645 522 2662 manu
544 2638 675 2664 secunda.

108 2735 144 2779 1)
179 2734 494 2782 παρακοιμώμειός
527 2737 728 2779 praefectus
763 2736 855 2768 sacri
891 2734 1059 2767 cubiculi.
1177 2732 1214 2774 ΕΞ)
1252 2733 1420 2765 Iohannis
1457 2730 1589 2764 Chron-

105 2786 230 2818 Venet.
260 2785 341 2829 (SS.
369 2787 452 2827 VII,
480 2783 560 2827 23):
590 2786 768 2817 civitatem
798 2795 887 2826 quae
916 2785 1040 2815 Avitus
1069 2782 1197 2814 dicitur
1224 2781 1322 2813 adiit.
1416 2779 1454 2820 3)
1481 2779 1592 2821 Verg.

105 2834 181 2867 Ecl,
212 2835 280 2867 III.
308 2833 366 2868 93.
468 2833 506 2876 4)
534 2835 557 2866 i.
585 2844 615 2866 e.
644 2834 702 2875 qui
730 2834 820 2875 parti
848 2843 931 2864 suae
960 2832 1144 2875 parebant.

1264 2898 1282 2927 5
