1878 3201
279 382 346 407 968.

216 491 267 524 ·p.
281 491 346 517 353.

217 2122 277 2146 1111.
302 2122 347 2147 20.

361 259 429 291 148
725 259 1027 291 LIL'DPRANDI
1055 259 1276 291 LEGATIO.
1329 260 1482 292 27—29.

359 371 459 425 Ipsi,
488 370 532 410 in
560 370 783 424 imperium
814 376 1002 409 nostrum
1030 375 1076 409 ut
1104 369 1371 423 recipiantur,
1411 368 1621 423 flagitant,
1661 369 1734 410 sed
1772 385 1834 412 re-

361 432 479 466 cusat
508 440 578 466 eos
608 432 796 466 nostrum
826 424 1062 477 imperium,
1098 431 1144 464 111
1180 431 1437 478 cognoscant
1475 430 1515 465 et
1552 425 1832 479 experiantur,

362 496 489 536 quam
526 479 834 534 *periculosum
875 480 938 529 sit,
978 492 1119 518 servos
1156 492 1179 517 a
1209 479 1388 519 dominis
1426 479 1671 530 declinasse,
1711 481 1834 520 servi-

361 543 493 577 tutem
525 536 721 589 effugere.
779 534 836 574 Et
874 540 936 574 est
974 533 1186 573 decentius
1225 533 1393 575 domino
1433 542 1518 587 tuo,
1559 542 1605 576 ut
1634 534 1736 574 mihi
1765 549 1835 576 003

359 591 497 633 tradat
541 591 721 639 amicus,
773 603 900 644 quam
944 587 1045 627 mihi
1090 588 1272 629 dimittat
1314 590 1480 630 invitus.
1552 590 1836 646 Experientur

359 647 497 701 plane,
527 647 611 685 vita
643 645 806 696 comite,
838 643 940 698 quid
970 644 1023 684 sit
1043 643 1189 683 herum
1209 643 1362 695 fallere,
1395 645 1497 700 quid
1518 646 1570 686 sit
1597 645 1837 686 servitutem

361 703 571 753 deserere,
604 707 656 752 et,
688 706 734 739 ut
762 705 877 753 puto,
908 699 1091 738 sentiunt
1127 712 1239 738 nunc
1278 699 1390 754 quod
1420 699 1527 753 dico,
1568 700 1837 755 operantibus

360 757 440 797 1100
469 756 635 806 11031113,
667 755 739 810 qui
769 762 865 795 sunt
891 753 1001 794 ultra
1030 768 1157 806 mare,
1187 753 1415 795 militibus'.

472 823 538 864 28.
585 822 749 874 Quibus
780 820 1033 876 respondere
1064 836 1130 861 me
1159 835 1243 861 non
1273 822 1482 876 permisit,
1521 822 1596 862 sed
1625 823 1740 863 abire
1770 836 1839 863 011-

360 880 563 934 pientem,
608 878 662 918 ad
706 891 893 918 mensam
947 890 1065 916 suam
1108 876 1243 918 redire
1288 877 1488 932 precepit.
1563 876 1643 919 Oui
1693 884 1834 932 pater¹

359 934 528 985 assedit,
559 934 698 985 homo,
728 939 775 973 ut
804 931 906 972 mihi
931 931 1167 983 videbatur,
1199 939 1321 973 natus
1343 940 1511 973 centum
1533 933 1838 988 quinquaginta

359 990 479 1030 annis
495 996 522 1029 ².
583 988 664 1029 Cui
692 988 851 1039 itidem,
891 993 937 1028 ut
966 986 1064 1038 filio,
1106 986 1261 1027 Gra-eci
1299 988 1343 1027 in
1380 987 1589 1040 laudibus,
1629 989 1757 1028 immo
1795 988 1839 1028 in

359 1045 495 1086 ventis
527 1045 624 1096 suis,
657 1043 760 1084 deus
790 1057 922 1083 annos
959 1050 1005 1084 111
1034 1041 1293 1096 multiplicet,
1332 1042 1605 1084 conclamant.
1672 1044 1768 1094 Qua
1796 1044 1840 1084 in

359 1115 417 1153 re,
449 1114 575 1154 quam
606 1100 687 1140 sint
719 1098 875 1139 Graeci
905 1097 1032 1151 stulti,
1063 1113 1243 1152 quamve
1273 1098 1397 1139 huius
1432 1098 1590 1153 gloriae
1619 1105 1840 1152 amatores,

361 1170 540 1212 quamve
579 1154 829 1207 adulatores,
872 1168 999 1209 quam
1031 1152 1186 1207 cupidi,
1225 1153 1322 1194 hinc
1361 1153 1554 1209 colligere
1594 1168 1838 1209 possumus:

360 1217 506 1266 optant
527 1210 603 1251 soli
623 1225 708 1250 non
729 1208 827 1262 sola,
860 1209 934 1250 sed
964 1207 1169 1250 silicernio
1181 1216 1208 1260 3,
1240 1209 1352 1264 quod
1381 1216 1574 1250 naturam
1600 1211 1736 1264 ipsam
1756 1223 1842 1250 non

359 1267 449 1321 pati
479 1271 591 1307 certo
624 1266 781 1317 sciunt,
813 1264 969 1320 gaudet
999 1271 1039 1304 et
1069 1263 1323 1305 silicernium
1354 1281 1403 1307 ea
1434 1265 1512 1306 sibi
1544 1265 1690 1320 optari,
1732 1279 1840 1320 quae

359 1336 438 1362 nec
479 1321 606 1362 deum
643 1320 794 1373 facere,
833 1334 911 1360 nec
952 1320 1060 1360 sibia
1099 1319 1298 1374 prodesse
1338 1321 1410 1362 sed
1449 1321 1608 1373 obesse,
1644 1321 1769 1361 etiam
1807 1321 1842 1361 si

359 1377 530 1428 faceret,
551 1377 679 1417 novit.
717 1375 843 1426 Quod
865 1389 1020 1429 quaeso
1038 1375 1323 1430 Nicephorum
1344 1376 1528 1430 gaudere
1548 1376 1694 1430 pacisb
1700 1407 1840 1416 .......

359 1431 476 1472 11111111
507 1438 547 1472 et
576 1430 823 1487 phosforum
855 1430 1102 1471 clamabant.
1161 1430 1442 1485 Impotentem
1462 1431 1638 1483 Virilem,
1669 1430 1840 1472 stultum

360 1488 611 1543 sapientem,
659 1486 833 1528 brevem
876 1499 1096 1539 magnum,
1146 1485 1314 1540 nigrum
1363 1485 1524 1538 album,
1572 1493 1842 1541 peccatorem
1870 1486 1871 1490 ’

360 1551 553 1584 sanctum
593 1542 745 1594 dicere,
785 1540 888 1581 mihi
928 1541 1098 1592 credite,
1139 1555 1223 1580 11011
1251 1540 1340 1581 laus
1372 1541 1444 1582 sed
1475 1541 1729 1582 contumelia
1764 1548 1840 1583 est.

359 1598 416 1639 Et
454 1599 527 1653 qui
569 1596 704 1638 aliena
742 1597 878 1651 magis
915 1597 1071 1650 gaudet
1109 1596 1190 1637 sibi
1227 1595 1449 1637 acclamari
1488 1611 1615 1652 quam
1654 1597 1867 1662 propria,

360 1652 512 1694 avibus
543 1654 713 1694 omnino
745 1659 806 1694 est
836 1651 994 1704 similis,
1037 1666 1218 1707 quarum
1259 1653 1456 1693 intuitum
1496 1667 1582 1693 nox
1618 1652 1838 1705 illuminat,

361 1709 449 1750 dies
480 1716 634 1750 caecat.
1867 1705 1870 1711 ’

473 1777 540 1818 29.
587 1776 672 1817 Sed
700 1774 922 1816 redeamus
952 1774 1005 1815 ad
1035 1789 1136 1815 rem.
1194 1774 1289 1814 Hac.
1320 1775 1363 1814 in
1385 1789 1517 1816 coena
1529 1783 1557 1821 ⁰,
1590 1774 1704 1830 quod
1724 1775 1849 1830 prius

361 1846 446 1872 non
474 1832 643 1884 fecerat,
679 1844 783 1871 voce
821 1829 956 1871 elatad
996 1830 1111 1871 beati
1145 1829 1344 1870 Iohannis
1383 1829 1672 1884 Chrysostomi
1709 1830 1849 1871 homi-

360 1887 460 1928 liam
490 1888 533 1927 111
562 1885 847 1941 apostolorum
876 1884 1041 1926 actibus
1071 1885 1209 1940 legere
1240 1885 1372 1925 iussit.
1430 1886 1533 1926 Post
1559 1886 1677 1926 cuius
1698 1885 1848 1927 lectio-

360 1943 424 1983 nis
466 1943 703 1993 terminum,
749 1955 845 1980 cum
881 1939 936 1981 ad
973 1955 1048 1981 vos
1088 1940 1293 1982 redeundi
1330 1939 1542 1981 licentiam
1581 1936 1850 1996 quaererem

362 1998 498 2052 capite
539 2013 582 2039 se
621 1998 678 2038 ita
715 1996 925 2037 facturum
963 1996 1153 2048 innuens,
1196 1996 1327 2050 recipi
1366 2011 1432 2037 me
1471 1996 1526 2036 ad
1565 1996 1760 2037 concives
1801 2006 1847 2037 01

364 2052 671 2094 cohabitatores
708 2066 824 2092 meos
863 2050 1004 2092 leones
1043 2053 1302 2106 persecutori
1346 2066 1438 2092 meo
1482 2052 1648 2092 indixit.
1713 2051 1846 2119 Quod,

363 2123 458 2149 cum
488 2108 619 2160 fieret,
650 2121 734 2147 non
764 2121 857 2147 311111
887 2107 940 2147 ab
972 2121 1020 2147 eo
1050 2107 1164 2147 visus
1195 2121 1328 2161 usque
1367 2107 1410 2147 in
1439 2107 1729 2148 tertiodecimo
1761 2106 1845 2148 Ca·

361 2163 505 2205 lendas
550 2163 757 2218 Augusti,
811 2162 885 2202 sed
935 2161 1157 2216 diligenter
1200 2161 1451 2214 custoditus,
1501 2177 1553 2203 ne
1601 2163 1843 2217 cuiuspiarr

359 2220 520 2260 fruerer
549 2233 753 2270 sermone,
785 2219 857 2273 qui
886 2231 983 2258 suos
1014 2217 1117 2258 mihi
1147 2223 1265 2258 actus
1295 2217 1509 2258 indicaret.
1548 2218 1715 2259 Interea
1746 2217 1834 2259 Griu
1877 2225 1878 2230 ’

361 2275 580 2327 mizonem,
611 2272 830 2315 Adelberti
858 2274 1067 2325 nuntium,
1099 2288 1142 2314 se
1173 2273 1289 2314 adire
1319 2273 1451 2324 iussit,
1484 2287 1611 2328 quem
1642 2288 1738 2314 cum
1767 2288 1841 2314 na

360 2329 443 2370 vali
474 2345 548 2370 suo
580 2329 769 2370 exercitu
799 2328 934 2369 redire
963 2329 1156 2383 precipit.
1215 2328 1405 2369 Fuerunt
1434 2328 1652 2369 chelandia
1671 2329 1826 2370 XXIV
1838 2335 1843 2382 J>

360 2386 612 2425 Rusiorume
643 2399 771 2425 naves
802 2384 856 2433 Il,
899 2383 1087 2425 Gallicae
1118 2384 1181 2436 II;
1219 2385 1254 2424 si
1282 2382 1376 2438 plus
1407 2384 1580 2436 miserit,
1619 2398 1722 2439 quas
1752 2399 1840 2425 1101

361 2439 550 2492 viderim,
580 2440 736 2481 nescio.
775 2439 1036 2491 Vestrorum,
1068 2438 1227 2479 domini
1254 2440 1338 2479 mei
1363 2440 1636 2494 imperatores
1657 2431 1840 2494 augusti

362 2494 542 2536 militum
571 2494 770 2536 fortitudo
800 2509 884 2534 non
915 2500 1020 2549 eget,
1052 2501 1098 2535 ut
1127 2494 1462 2535 adversariorum
1483 2495 1730 2549 impotentia
1751 2495 1837 2535 ani

362 2602 390 2635 a)
414 2603 469 2627 tibi
491 2603 517 2628 C.
580 2600 610 2634 b)
632 2603 682 2626 Hic
704 2603 775 2626 deest
796 2602 906 2633 aliquid
928 2602 955 2627 C.
1019 2601 1045 2633 c)
1064 2609 1159 2628 caena
1174 2602 1201 2626 C.
1225 2604 1355 2634 saepius.
1419 2601 1449 2634 d)
1466 2603 1503 2626 al.
1526 2603 1706 2634 vost-elatus,
1729 2609 1765 2627 ex
1781 2610 1819 2634 qu

362 2643 480 2673 corrigo
502 2649 575 2667 voce
599 2642 680 2666 elata
712 2641 795 2667 CAN.
817 2642 866 2672 qni
888 2648 961 2666 voce
980 2641 1087 2666 Latina
1108 2642 1139 2665 iu
1158 2644 1234 2667 term
1254 2642 1343 2667 habet.
1387 2640 1414 2673 e)
1432 2642 1472 2665 ica
1493 2643 1612 2669 correxi,
1629 2642 1794 2667 Russorum
1811 2643 1821 2666 ζ

364 2727 400 2770 1)
428 2730 510 2761 Fuit
536 2730 565 2761 is
592 2729 726 2761 Bardas
753 2729 901 2768 Phocas,
936 2739 1039 2770 quem
1067 2728 1285 2771 Nicephorus
1319 2729 1502 2771 imperium
1529 2728 1677 2771 adeptus
1705 2727 1834 2761 Caesa

360 2787 435 2809 rem
460 2777 637 2810 salutavit.
667 2775 773 2809 CAN.
874 2775 912 2817 2)
939 2777 1012 2809 Leo
1048 2777 1227 2808 Diaconus
1254 2775 1363 2818 (Hist.
1392 2776 1424 2808 V
1451 2788 1481 2810 c,
1509 2775 1547 2818 5)
1575 2787 1652 2808 eum
1678 2772 1765 2821 ὓπὲρ
1792 2786 1820 2808 τι

361 2822 582 2869 ἐννενήκοντα
609 2823 666 2868 ἔτη
695 2820 931 2869 ὃιαβιώσανῖα
958 2826 1087 2857 obiisse
1115 2826 1201 2857 dicit
1220 2824 1266 2866 (a.
1288 2824 1386 2867 969),
1415 2825 1459 2856 cf.
1479 2825 1681 2867 Theophan.
1702 2826 1832 2857 contin

361 2874 412 2906 VI
440 2884 470 2905 0.
497 2874 555 2906 41.
653 2872 691 2915 3)
719 2874 803 2906 Seni
830 2874 1022 2916 decrepito.
