1878 3201
139 2104 190 2138 '1³-
205 2106 269 2132 347.

275 235 342 267 136
692 231 989 266 LIUDPRANDI
1016 229 1238 262 LEGATIOA
1292 230 1323 262 1.

273 359 408 401 quave
437 344 541 400 lege,
573 360 596 386 o
625 346 804 395 invasor,
834 343 937 383 haec
966 340 1224 396 pontificalia
1250 340 1493 380 indumenta
1512 341 1736 394 usurpasti,

273 401 494 456 superstite
522 400 602 442 hoc
632 399 814 455 presenti
843 398 996 438 domno
1025 402 1166 436 nostro
1195 394 1421 436 venerabili
1448 409 1561 450 papa
1584 395 1739 448 Leone,

274 470 398 511 quem
425 463 473 497 tu
493 455 726 507 nobiscum,
755 459 950 494 accusato
971 458 1012 493 et
1029 450 1253 506 reprobato
1272 450 1471 503 Iohanne,
1501 450 1555 491 ad
1575 457 1738 505 aposto-

272 510 421 552 licatus
452 510 617 552 culmen
646 508 835 563 elegisti?
868 508 979 548 Num
1008 506 1185 546 inficiari
1213 512 1346 561 potes,
1375 507 1558 561 presenti
1586 507 1741 547 domno

273 567 516 622 imperatori
552 567 785 607 iuramento
824 563 1077 619 promisisse,
1114 575 1345 616 numquam
1382 568 1423 602 te
1461 575 1555 601 cum
1593 562 1741 603 ceteris

273 622 475 663 Romanis
513 635 665 677 papam
711 620 941 661 electurum
986 624 1060 658 aut
1104 616 1391 657 ordinaturum
1433 617 1592 672 absque
1631 616 1741 658 illius

274 677 432 733 filiique
462 678 550 718 eius
586 677 697 731 regis
729 674 896 717 Ottonis
934 671 1180 714 consensu?
1224 671 1476 712 Benedictus
1505 672 1742 728 respondit:

275 733 335 774 ‘Si
366 732 466 787 quid
496 733 682 787 peccavi,
723 728 976 771 miseremini
1013 726 1118 769 mei’.
1184 727 1304 768 Tunc
1340 727 1566 782 imperator
1600 728 1743 769 effusis

274 787 469 839 lacrimis,
502 801 627 842 quam
657 786 894 827 misericors
925 789 1033 825 esset
1063 782 1297 835 ostendens,
1327 783 1492 837 rogavit
1520 783 1742 838 synodum,

274 857 327 883 ne
356 843 586 884 Benedicto
606 841 886 897 preiudicium
915 839 1044 880 fieret.
1086 838 1131 879 Si
1151 838 1276 879 vellet
1296 844 1337 879 et
1355 845 1510 893 posset,
1540 838 1594 879 ad
1621 839 1744 880 inter—

274 905 422 953 rogata
449 898 720 953 responderet
751 909 1004 950 causamque
1035 909 1153 935 suam
1181 893 1442 946 defenderet,
1474 893 1586 949 quod
1606 894 1641 934 si
1660 908 1745 935 non

274 960 417 1008 posset
437 960 510 994 aut
528 953 668 1005 nollet,
699 966 748 993 ac
770 967 813 993 se
835 949 1088 1006 culpabilem
1107 949 1308 1002 redderet,
1338 956 1477 989 tamen
1499 963 1575 1005 pro
1596 949 1745 991 timore

277 1010 343 1050 dei
372 1009 703 1050 misericordiam
733 1008 916 1063 aliquam
946 1006 1161 1046 inveniret.
1221 1004 1316 1056 Quo
1337 1004 1492 1056 audito,
1523 1004 1576 1045 ad
1602 1004 1745 1046 domni

276 1065 429 1105 Leonis
458 1079 594 1120 papae
622 1064 752 1119 pedes
781 1064 995 1118 ipsiusque
1025 1061 1288 1116 imperatoris
1327 1059 1460 1101 isdem
1490 1059 1746 1102 Benedictus

279 1121 443 1161 concite
485 1120 722 1176 procidens,
762 1134 804 1159 se
844 1124 1084 1173 peccassea,
1125 1131 1168 1157 se
1200 1122 1368 1156 sanctae
1398 1116 1611 1157 Romanae
1641 1116 1750 1157 sedis

277 1177 512 1217 invasorem
544 1191 647 1228 esse,
686 1173 948 1216 acclamavit.
1005 1173 1107 1213 Post
1145 1171 1221 1213 hec
1251 1170 1423 1226 pallium
1454 1171 1534 1213 sibi
1563 1171 1746 1224 abstulit,

306 1231 389 1272 uod
438 1231 559 1272 simul
603 1246 699 1272 eum
742 1228 971 1285 pontificali
1014 1227 1156 1280 ferula,
1205 1242 1329 1282 quam
1373 1241 1500 1267 manu
1542 1225 1748 1282 gestabat,

278 1246 432 1328 domno
477 1301 611 1342 papae
651 1286 783 1327 Leoni
821 1284 1014 1326 reddidit.
1081 1283 1219 1335 Quam
1255 1282 1428 1323 ferulam
1464 1282 1598 1323 isdem
1636 1296 1750 1339 papa

277 1342 412 1397 fregit,
446 1350 487 1383 et
515 1343 690 1383 fractam
726 1340 884 1396 populo
920 1338 1113 1381 ostendit.
1180 1338 1347 1379 Deinde
1385 1337 1661 1379 Benedictum
1703 1339 1747 1378 in

276 1404 387 1439 terra
417 1398 560 1439 sedere
590 1397 790 1453 precepit.
849 1395 929 1436 Cui
959 1393 1157 1445 casulam,
1190 1407 1315 1448 quam
1350 1392 1560 1448 planetam
1590 1394 1750 1447 dicunt,

278 1467 373 1494 cum
404 1453 509 1495 stola
546 1453 703 1509 pariter
742 1450 925 1493 abstulit.
989 1451 1092 1491 Post
1129 1455 1269 1489 autem
1308 1448 1501 1489 omnibus
1538 1449 1748 1505 episcopis

279 1509 404 1550 dixit:
449 1508 752 1560 ‘Benedictum,
797 1513 966 1547 sanctae
1009 1505 1223 1546 Romanae
1268 1511 1309 1545 et
1346 1503 1599 1559 apostolicae
1639 1504 1750 1545 sedis

278 1565 526 1617 invasorem,
568 1564 681 1605 omni
710 1562 978 1618 pontificatus
1009 1568 1050 1602 et
1079 1560 1380 1616 prespiteratus
1417 1558 1574 1601 honore
1611 1561 1749 1616 priva-

278 1635 390 1673 mus3
422 1619 475 1661 ob
507 1619 775 1661 elemosinam
805 1632 904 1659 vero
935 1617 1079 1658 domni
1114 1616 1378 1670 imperatoris
1409 1615 1587 1668 Ottonis,
1629 1616 1748 1656 cuius

279 1691 422 1717 sumus
467 1690 593 1731 opera
635 1676 679 1715 in
723 1673 862 1715 sedem
908 1673 1092 1714 debitam
1132 1672 1324 1721 restituti,
1371 1671 1612 1713 diaconatus
1653 1686 1749 1712 eum

279 1732 466 1773 ordinem
496 1732 649 1773 habere
678 1730 970 1785 permittimus,
1003 1736 1043 1769 et
1070 1742 1153 1768 non
1182 1728 1266 1767 iam
1297 1727 1468 1779 Romae,
1500 1726 1573 1768 sed
1599 1727 1642 1767 in
1663 1727 1749 1769 exi-

278 1787 403 1828 lium¹
436 1787 490 1828 ad
520 1787 631 1843 quod
663 1785 862 1827 destina’b
868 1815 1013 1827 ......

282 2093 785 2149 *LIUDPRANDI
810 2090 1144 2146 RELATIO
1173 2090 1276 2143 DE
1302 2088 1751 2144 LEGATIONE

652 2186 1378 2233 CONSTANTmoroLiTANA.

393 2284 568 2326 Ottones
598 2283 882 2324 Romanorum
912 2281 1210 2322 invictissimos
1240 2280 1512 2334 imperatores
1533 2287 1749 2334 augustos,

281 2340 709 2396 gloriosissimamque
735 2337 1010 2380 Adelheidem
1030 2336 1338 2391 imperatricem
1358 2340 1592 2389 augustam,
1623 2335 1751 2376 Liud-

281 2396 494 2452 prandus0
538 2403 704 2436 sanctae
741 2393 1034 2435 Cremonensis
1071 2391 1270 2433 ecclesiae
1310 2391 1542 2446 episcopus,
1586 2405 1752 2447 semper

281 2451 432 2504 valere,
462 2451 712 2506 prosperari,
742 2449 999 2504 triumphare
1029 2446 1205 2498 anhelat,
1237 2446 1455 2499 desiderat,
1485 2453 1612 2501 optat.

396 2509 429 2547 1.
475 2506 589 2558 Quid
619 2520 768 2547 causae
797 2504 932 2557 fuerit,
964 2503 1076 2559 quod
1097 2503 1213 2558 prius
1233 2501 1419 2542 litterassl
1450 2503 1536 2542 sive
1555 2502 1749 2543 nuntium

283 2602 312 2637 a)
334 2609 458 2635 pecasse
482 2604 508 2629 1.
593 2602 622 2635 b)
646 2603 686 2626 ita
714 2602 796 2626 codex
820 2603 845 2627 1.
867 2601 942 2633 finit,
972 2601 1061 2625 mealia
1090 2600 1120 2624 in
1140 2599 1248 2630 payina
1270 2601 1293 2622 et
1315 2598 1395 2622 initio
1418 2597 1516 2622 lineae.
1541 2598 1623 2624 Coclcl.
1640 2598 1665 2623 2.
1683 2601 1706 2622 ct
1721 2598 1750 2623 4.

282 2644 373 2667 eodem
394 2643 484 2668 modo.
509 2644 553 2666 set
575 2643 605 2667 in
627 2642 752 2666 exilium
774 2641 958 2666 destinamus
982 2641 1008 2664 5.
1038 2642 1080 2664 set
1102 2640 1133 2664 in
1156 2638 1250 2663 exilio
1274 2638 1458 2662 destinamus
1483 2637 1535 2662 5a.
1564 2637 1616 2661 sed
1637 2637 1670 2662 in
1691 2637 1754 2661 exi-

282 2683 356 2707 tium
379 2682 564 2706 destinamus
586 2681 651 2705 editi
672 2684 696 2705 et
713 2681 851 2705 Albricus.
875 2679 1018 2703 Sententia
1032 2685 1145 2710 poscere
1163 2677 1286 2701 videtur:
1306 2677 1491 2701 destinamus
1508 2677 1603 2701 abeat*
1667 2674 1693 2708 c)
1711 2676 1752 2700 ita

282 2721 385 2752 ubique
407 2721 532 2751 carram,
554 2720 745 2751 luitprandus
769 2719 899 2744 Canisius
927 2719 1019 2745 edidit.
1100 2716 1130 2749 d)
1153 2718 1256 2742 literas
1279 2716 1326 2746 C.,·
1356 2715 1405 2746 qui
1426 2715 1506 2740 etiam
1529 2715 1635 2744 millia,
1658 2715 1756 2746 littus,

283 2762 478 2792 opportunus,
500 2760 570 2791 inm,
592 2762 718 2791 tentare,
740 2759 882 2789 solennis,
905 2758 1107 2789 quotidianus,
1130 2760 1287 2787 quamnim,
1302 2755 1505 2787 eleemosyna,
1522 2755 1662 2786 Ioannes,
1679 2760 1756 2779 nun—

284 2801 348 2824 cius
369 2802 469 2823 contra
490 2799 671 2830 Liudprcz‘tzdi
691 2798 830 2822 scribendi
851 2798 988 2822 rationem
1010 2796 1127 2828 e.rprimi
1141 2795 1220 2826 fecit,
1243 2794 1318 2826 quod
1339 2794 1519 2820 correi-imus,

287 2872 324 2915 1)
340 2874 424 2906 Cum
436 2873 620 2915 Adaldago
632 2873 897 2916 archiepiscopo
910 2872 1152 2913 Hamburgum
1172 2881 1208 2902 se
1225 2868 1371 2902 contulit
1384 2869 1502 2912 ibique
1518 2872 1670 2901 mortuus
1685 2870 1748 2900 est.
