1878 3201
284 189 351 219 104
499 187 800 218 LIUDPRANDI
827 185 1170 219 ANTAPODOSIS.
1220 185 1313 217 LIB.
1341 184 1383 216 V.
1437 184 1541 216 7-9.

204 311 270 336 940.
285 296 390 337 duas
420 296 458 336 ei
488 297 638 337 iterum
675 295 835 337 Sarlius
870 296 983 336 acies
1019 295 1156 347 mittit,
1195 308 1281 335 una
1314 293 1577 335 solummodo
1614 307 1757 334 secum

284 358 455 393 retenta.
515 350 708 406 Cumque
739 351 979 403 Anscarius,
1018 350 1111 404 quis
1141 364 1311 390 suorum
1340 350 1384 390 in
1413 363 1562 403 campo
1593 362 1757 390 occum-

285 407 414 458 beret,
444 406 569 447 vellet
597 407 819 461 inquirere,
857 419 941 445 non
980 418 1056 444 sua
1093 411 1255 446 tantum
1294 419 1420 460 quam
1459 403 1635 444 aliorum
1665 418 1757 444 san-

285 463 412 518 guine
444 468 684 502 cruentatus
714 459 964 502 VVikbertus
995 459 1033 500 ei
1064 461 1244 500 occurrit
1256 466 1284 499 ³.
1327 459 1408 501 Cui
1442 466 1481 500 et
1511 460 1587 501 ait:
1620 459 1757 499 ‘Duae

287 524 432 558 contra
473 530 550 556 nos
593 515 735 556 aciesb
779 513 1029 570 perpulchre
1079 515 1205 554 armis
1244 515 1471 556 instructae
1515 514 1757 566 adveniunt,

287 586 391 627 quas
420 578 461 613 te
490 572 630 625 potius
660 569 871 611 declinare
901 584 1028 624 quam
1058 576 1282 623 expectare
1320 571 1446 611 etiam
1477 576 1602 625 atque
1633 569 1760 610 etiam

284 641 402 681 rogo.
460 625 667 677 Arcodus,
698 633 744 667 ut
772 626 864 680 ipse
894 625 1001 666 bene
1040 625 1152 665 nosti
1189 639 1359 679 pugnae
1405 625 1528 666 huius
1558 625 1760 676 incentor,

287 681 464 738 qualiter
493 681 715 734 aufugerit,
746 680 878 721 vides.
935 680 1030 734 Ego
1060 693 1159 720 vero
1190 681 1351 734 positus
1371 680 1414 720 in
1435 681 1647 732 extremis,
1677 692 1762 720 non

288 738 426 791 cogito
470 737 553 776 iam
598 735 649 777 de
694 751 850 791 pugna,
896 734 969 776 sed
1012 733 1326 775 misericordem
1369 734 1495 775 deum
1537 749 1641 790 rogo
1684 748 1761 790 pro

287 793 439 844 anima,
485 806 537 832 ne
577 790 679 831 mihi
723 792 888 846 inputet
902 798 929 842 ⁰,
975 804 1082 845 quae
1127 789 1179 830 ob
1224 788 1489 831 dilectionem
1533 791 1595 831 tui
1638 789 1762 831 hodie

289 847 519 887 commerui
564 847 751 897 crimina,
795 845 1013 887 hominum
1057 846 1150 886 neci
1195 844 1332 886 dando
1382 859 1560 900 corpora
1607 844 1763 885 multa'.

288 902 368 943 His
398 900 577 957 expletis
609 902 829 957 expiravit.

400 958 437 998 8.
484 955 681 998 Collectis
709 957 851 1012 itaque
879 954 1111 996 Anscarius
1150 970 1254 1011 quos
1291 956 1442 1010 potuit,
1472 954 1636 996 duabus
1666 954 1766 1010 pha-

287 1011 424 1066 langis
470 1027 704 1064 occurrens,
750 1026 819 1053 eas
862 1012 970 1053 inter
1012 1010 1264 1051 furibundus
1308 1010 1452 1052 insiliit
1499 1018 1767 1066 stragemque

288 1069 553 1109 innumeram
593 1067 719 1109 dedit.
788 1066 941 1109 Comes
983 1066 1167 1122 quidam,
1212 1066 1342 1108 Hatto
1381 1066 1561 1119 nomine,
1604 1065 1767 1107 duabus

288 1122 368 1164 illis
398 1130 564 1178 preerat
592 1122 777 1175 aciebus,
810 1123 881 1178 qui
910 1122 988 1162 hac
1009 1122 1214 1162 Anscario
1247 1123 1426 1162 occurrit
1464 1121 1624 1173 fidutia,
1667 1135 1768 1176 quo-

290 1179 417 1232 niam,
464 1178 677 1220 confracta
716 1179 800 1218 iam
839 1177 998 1229 lancea,
1045 1176 1175 1218 solam
1219 1178 1263 1217 in
1307 1191 1435 1218 manu
1478 1177 1567 1218 eius
1605 1176 1770 1218 viderat

289 1233 466 1275 hastam.
536 1233 673 1285 Quem
708 1233 810 1274 dum
848 1233 1023 1274 intuitus
1064 1239 1175 1273 esset
1213 1233 1464 1273 Anscarius:
1525 1232 1658 1273 ‘Tune
1699 1233 1769 1284 ρξε’,

290 1289 395 1342 infit,
428 1289 512 1344 ‘qui
544 1296 784 1344 contempto
817 1289 952 1329 crucis
975 1295 1016 1329 et
1037 1295 1277 1328 sanctorum
1298 1289 1546 1341 iuramento,
1575 1288 1770 1344 periurus

290 1345 333 1384 in
362 1345 530 1385 nomine
561 1344 629 1385 dei
657 1345 720 1384 tui
748 1359 815 1385 me
845 1350 965 1385 tuum
1005 1342 1222 1384 dominum
1262 1342 1495 1396 deseruisti,
1530 1350 1571 1385 et
1599 1342 1653 1383 ad
1682 1341 1771 1383 vu]-

291 1414 388 1455 pem
422 1398 604 1440 Sarlium
634 1399 853 1453 transfuga
880 1412 930 1438 ac
961 1397 1149 1439 desertor
1178 1398 1332 1440 abisti?

459 1454 568 1495 Esse
598 1453 761 1510 aliquos
791 1467 936 1494 manes
968 1461 1009 1495 et
1038 1453 1309 1495 subterranea
1338 1461 1511 1508 regna1,

291 1511 335 1551 in
366 1508 519 1565 quibus
548 1510 707 1564 periuri
735 1509 976 1564 puniantur,
1008 1507 1233 1550 Cocitumd
1263 1510 1389 1550 etiam
1421 1515 1462 1550 et

460 1565 594 1620 Stigio
624 1579 747 1606 ranas
777 1565 820 1605 in
850 1565 1017 1619 gurgite
1046 1566 1188 1619 nigras
1200 1572 1228 1617 ²,

295 1622 367 1676 qui
406 1635 541 1675 usque
581 1620 707 1661 modo
749 1620 979 1672 somniasti,
1023 1634 1068 1661 re
1103 1621 1195 1674 ipsa
1235 1633 1362 1674 quam
1400 1633 1502 1660 111οΧ
1545 1619 1771 1675 experire'!

291 1677 412 1718 Haec
443 1675 598 1728 dicens,
629 1676 807 1727 hastam,
839 1689 966 1731 quam
997 1676 1086 1717 sine
1115 1676 1223 1716 ferro
1254 1676 1460 1729 gestabat,
1491 1689 1567 1729 per
1597 1689 1642 1715 os
1660 1673 1771 1715 illius

291 1730 430 1773 valide
460 1732 630 1784 iaciens,
662 1732 866 1786 sanguine
898 1731 1154 1786 cerebroque
1180 1744 1414 1785 respersam
1435 1746 1511 1785 per
1531 1730 1773 1785 occipitium

293 1787 461 1840 eduxit3
493 1801 676 1842 enseque
706 1787 930 1837 abstractO,
963 1787 1161 1841 quoniam
1192 1785 1313 1827 multi
1344 1800 1471 1842 super
1491 1800 1534 1826 se
1554 1786 1774 1838 irruerant,

293 1843 494 1883 dimicare
524 1844 686 1884 naviter
716 1842 842 1897 cepit.
903 1841 1110 1897 Cumque,
1140 1840 1264 1882 nullis
1304 1841 1384 1882 sibi
1420 1839 1772 1882 amminiculanti-

292 1898 385 1950 bus,
418 1898 605 1938 omnium
634 1912 770 1953 poene
800 1896 982 1937 hostium
1024 1896 1136 1938 solus
1172 1898 1378 1952 impetum
1419 1897 1654 1949 sustineret,
1690 1895 1773 1937 huc

293 1952 476 2007 illucque
507 1953 758 2005 discurrens,
790 1953 958 2007 sonipes
991 1967 1073 2008 quo
1104 1952 1338 1993 insederate
1369 1951 1474 1993 adeo
1504 1952 1548 1992 in
1579 1951 1773 1993 scrobem

294 2008 459 2060 cecidit,
504 2015 552 2049 ut
594 2007 700 2049 collo
748 2008 969 2063 supposito
1008 2007 1273 2063 pedibusque
1311 2022 1475 2048 sursum
1515 2007 1676 2059 erectis,
1722 2021 1771 2048 eo

293 2078 429 2119 usque
459 2078 586 2119 super
613 2064 869 2104 Anscarium
899 2064 1068 2116 iaceret,
1107 2063 1239 2104 donec
1278 2063 1331 2104 ab
1361 2062 1616 2104 irruentibus
1647 2061 1774 2104 hosti-

294 2120 374 2161 bus
418 2118 587 2161 directis
631 2118 859 2160 missilibus
904 2119 1179 2163 occideretur,
1254 2118 1349 2169 Quo
1390 2125 1567 2170 mortuo,
1614 2116 1774 2159 sarlius

294 2188 438 2215 marca
464 2189 609 2215 secure
630 2174 801 2230 potitur,
831 2181 872 2215 et
899 2189 974 2215 rex
1003 2174 1133 2229 Hugo
1164 2174 1319 2229 gaudio
1345 2174 1535 2215 inmenso
1556 2172 1775 2214 afficiturs.

226 2246 280 2280 (4.)
407 2230 444 2271 9.
496 2230 613 2270 Dum
653 2230 756 2271 haec
794 2236 987 2284 aguntur,
1035 2238 1233 2270 montana
1278 2229 1431 2285 quibus
1475 2229 1528 2271 ab
1575 2229 1775 2270 occiduaf

163 2286 230 2312 94¹·
254 2293 279 2312 0·
297 2299 370 2326 seu
395 2284 711 2340 septentrionali
730 2284 852 2326 Italia
882 2286 1067 2339 cingitur
1095 2292 1226 2340 parte,
1258 2299 1283 2325 a
1314 2284 1534 2326 Saracenis
1560 2285 1775 2325 Fraxene-

294 2347 385 2381 tum
414 2340 730 2382 inhabitanibus
762 2340 1048 2382 crudelissime
1079 2340 1428 2395 depopulantur&
1487 2338 1774 2391 Quamobrem

294 2396 424 2450 Hugo
454 2410 531 2436 rex
562 2396 734 2437 consilio
765 2403 952 2451 accepto,
984 2397 1154 2437 nuntios
1185 2394 1594 2451 Constantinopolim
1618 2394 1775 2450 dirigit,

293 2465 449 2506 rogans
494 2452 791 2507 imperatorem
835 2451 1068 2505 Romanon,
1113 2457 1159 2492 ut
1201 2465 1332 2492 naves
1378 2450 1457 2491 sibi
1502 2450 1640 2492 Greco
1680 2463 1775 2491 cum

297 2545 326 2578 a)
347 2547 462 2572 occurit
486 2548 511 2573 1.
571 2545 601 2578 b)
619 2549 701 2572 actes
725 2548 751 2571 1.
815 2547 841 2578 c)
858 2549 977 2578 utputet
1001 2548 1025 2572 1.
1087 2546 1116 2578 d)
1134 2546 1251 2572 Coitum
1274 2554 1348 2574 corr.
1369 2547 1461 2571 eadem
1482 2553 1568 2571 manu
1591 2546 1731 2572 Conitum
1750 2548 1775 2572 1.

297 2586 437 2611 Conitum
461 2587 485 2610 2.
569 2585 596 2618 e)
618 2586 809 2611 insedederat
834 2588 858 2611 1.
940 2585 963 2619 f)
984 2586 1134 2611 hoccidua
1154 2594 1226 2610 corr.
1250 2586 1376 2611 occidua
1399 2587 1424 2611 1.
1498 2584 1528 2618 g)
1552 2585 1778 2617 depopulantur

296 2632 372 2650 corr.
396 2624 598 2656 depopulatur
622 2626 647 2650 1.
671 2633 723 2649 vox
745 2632 828 2649 sensu
847 2625 964 2656 passivo
986 2628 1137 2656 usurpata.

300 2710 336 2753 1)
365 2711 526 2743 Iuvenal.
561 2711 635 2744 Sat.
671 2712 727 2751 II,
765 2712 845 2743 149.
947 2711 984 2754 2)
1012 2711 1171 2743 Iuvenal.
1205 2711 1228 2743 l.
1255 2711 1278 2744 l.
1308 2711 1386 2744 150.
1489 2710 1526 2752 3)
1555 2710 1608 2744 cf.
1637 2710 1680 2742 de
1707 2710 1776 2742 hac

296 2769 415 2801 pugna
425 2761 587 2801 Hugonis
604 2760 877 2792 destructionem
890 2761 1091 2792 monasterii
1103 2760 1280 2792 Farfensis
1298 2770 1327 2792 6.
1341 2760 1397 2800 11,
1412 2759 1502 2792 Α1111.
1517 2759 1675 2792 Farfens.
1687 2758 1775 2790 940:

295 2807 486 2841 Anscarius
512 2808 668 2841 marchio
696 2809 784 2841 obiit
812 2807 890 2850 (SS.
919 2809 981 2850 XI,
1010 2809 1091 2840 537.
1127 2808 1223 2850 588).
