1837 3209
287 258 329 288 10
490 259 792 291 LIL'DPRANDI
819 260 1162 292 ANTAPODOSIS.
1215 260 1306 292 LIB.
1335 261 1362 292 I.
1417 260 1568 292 11—12.

107 369 535 423 sss—912.sanguinen1
566 368 838 424 perduxisse'.
890 368 1123 410 subridens
1145 370 1273 424 igitur
1293 370 1536 425 imperator:
1569 371 1763 425 ‘Recipe⁷,

282 424 431 480 inquit,
464 425 674 476 ‘animam,
705 425 858 478 recipe,
889 431 929 465 et
959 439 1052 465 cum
1084 424 1163 466 hac
1183 425 1371 466 bisbinas
1392 440 1615 467 aureorum
1636 425 1764 466 libras

284 480 476 530 adsumeg
507 479 611 520 nulli
640 494 741 520 vero
772 480 823 520 de
854 494 933 531 me,
969 480 1049 519 nisi
1080 480 1308 535 aufugisse,
1344 481 1625 536 respondeas'.
1684 480 1764 521 His

283 536 340 576 ita
369 536 511 590 gestis,
542 537 771 590 imperator
800 534 960 589 vigiles,
995 535 1066 590 qui
1098 550 1141 576 se
1173 542 1342 590 captum
1381 536 1636 588 dimiserant,
1676 537 1764 591 qui-

285 606 365 645 que
397 604 566 631 caesum
597 590 809 631 custodiae
840 590 1142 645 manciparant,
1173 592 1316 632 venire
1346 593 1547 647 precepit.
1597 591 1764 643 Quibus

284 653 325 687 et
353 646 431 686 ait:
464 646 762 700 ‘Vigilantibus
791 644 911 685 vobis
943 645 1263 701 custodiamque
1294 647 1453 688 civitati
1478 646 1763 702 prebentibus,
1797 640 1803 648 ⁴

282 701 488 756 numquid
517 701 629 743 fures
669 700 894 757 aliquando
934 700 1229 756 adulterosque
1260 702 1512 743 offenditis’?
1556 703 1640 754 Qui
1669 717 1765 743 eum

282 758 417 812 pretio
449 764 626 812 accepto
658 757 913 807 dimiserant,
954 755 1012 796 nil
1043 771 1085 797 se
1115 757 1270 797 vidisse
1300 758 1652 812 responderant³3
1694 758 1766 813 qui

282 827 382 853 vero
415 827 584 853 caesum
614 811 731 853 illum
763 812 977 853 custodiae
998 812 1300 867 manciparant,
1331 813 1389 852 ita
1409 813 1765 868 responderantb:
1814 831 1816 834 ’

283 869 491 922 ‘Pi-eoepit
531 869 731 909 δεσπότία
772 871 820 909 σέ
859 883 883 919 η
924 882 1041 919 artu,
1083 867 1276 923 despotia
1315 882 1364 908 su
1403 869 1417 908 i
1456 869 1570 922 agia,
1622 868 1665 909 id
1705 875 1766 909 est
1812 866 1819 903 ’Ῑ

284 923 512 963 dominatio
542 930 617 964 tua
648 930 806 976 sancta,
851 929 897 963 ut
927 923 961 963 si
990 922 1141 978 vigiles
1171 929 1268 978 post
1298 923 1594 978 crepusculum
1624 938 1765 979 quem-

284 993 410 1033 quam
454 978 595 1035 aliquo
641 978 981 1020 deambulantem
1027 979 1308 1031 offenderent,
1358 986 1530 1034 captum
1573 980 1765 1034 protinus
1811 1007 1819 1011 -

282 1035 615 1090 verberibusque
647 1049 817 1075 caesum
849 1034 1063 1076 custodiae
1094 1035 1318 1076 traderent.
1378 1035 1480 1076 Tuis
1512 1035 1664 1090 itaque,
1696 1034 1766 1075 do-
1816 1033 1820 1081 ff

283 1091 462 1131 minator
500 1091 763 1132 sanctissime
777 1099 805 1141 ⁰,
851 1090 1106 1132 iussionibus
1145 1105 1220 1131 nos
1259 1096 1475 1145 parentes,
1520 1090 1611 1142 hac,
1658 1103 1766 1145 quae
1816 1109 1817 1113 ¹

282 1152 519 1200 presentem
547 1147 753 1201 precessit
783 1146 906 1198 diem,
946 1153 1067 1187 nocte
1108 1146 1318 1201 quendam
1347 1146 1568 1202 lupanaria
1598 1160 1767 1201 percur-

282 1208 444 1242 rentem
475 1203 677 1257 cepimus,
708 1201 1023 1256 fiagellavimus,
1052 1203 1294 1257 carcerique
1324 1202 1569 1257 impositum
1589 1201 1765 1256 imperio
1824 1203 1825 1246 J

282 1264 353 1297 tuo
399 1264 543 1298 sancto
588 1258 909 1313 producendum
953 1258 1237 1298 servavimus'.
1307 1257 1473 1309 Quibus
1516 1258 1766 1313 imperator:
1824 1255 1825 1294 j

284 1312 418 1365 ‘Cito',
458 1314 594 1368 inquit
606 1346 614 1365 ,
656 1319 714 1355 ‘ut
753 1314 796 1354 in
836 1313 1023 1354 medium
1062 1312 1340 1368 producatur,
1381 1319 1566 1368 potestas
1601 1313 1768 1367 imperii

282 1369 364 1409 mei
394 1370 520 1410 etiam
551 1375 678 1424 atque
709 1370 834 1411 etiam
864 1370 1068 1424 imperat'.
1127 1368 1216 1410 Nec
1250 1384 1379 1421 mora,
1420 1370 1588 1410 vinctus
1619 1376 1663 1409 ut
1693 1368 1767 1409 du-

283 1431 412 1478 catur,
450 1433 711 1479 percurrunt.
772 1425 909 1477 Quem
949 1425 1049 1465 dum
1088 1424 1302 1479 aufugisse
1336 1425 1541 1476 audirent,
1573 1424 1767 1465 semivivi

282 1480 336 1520 ad
364 1479 567 1535 palatium
598 1488 693 1521 sunt
722 1481 891 1522 reversi.
938 1480 1064 1531 Quod
1095 1495 1193 1520 cum
1222 1481 1483 1521 nuntiassent
1511 1479 1767 1534 imperatori,

282 1551 383 1576 mox
426 1537 655 1591 imperator
699 1551 742 1577 se
787 1542 962 1577 exutum
1006 1536 1215 1590 nimisque
1256 1536 1308 1576 iis
1349 1550 1490 1577 cesum
1522 1535 1767 1577 ostendens:

283 1592 426 1643 (δὲυτε,
459 1591 608 1644 deute',
653 1591 697 1632 id
728 1599 790 1632 est
820 1592 972 1643 venite,
1004 1592 1153 1646 inquit,
1195 1595 1262 1643 ‘un
1287 1593 1542 1643 διληασεται,
1573 1591 1631 1631 1111
1652 1589 1769 1631 dilia-

284 1656 383 1699 sete,
414 1646 542 1689 nolite
572 1646 819 1699 formidare3
850 1647 941 1702 ipse
973 1661 1052 1701 ego
1075 1661 1167 1687 sum
1191 1662 1315 1702 quem
1336 1646 1592 1702 flagellastis,
1625 1660 1768 1702 quem-

284 1718 364 1758 que
395 1717 416 1743 e
448 1717 612 1744 carcere
644 1718 755 1744 nunc
791 1703 1006 1758 aufugisse
1047 1702 1269 1743 confiditis.
1330 1703 1428 1744 Seio
1459 1703 1571 1743 enim
1601 1709 1642 1743 et
1670 1716 1768 1743 vere

282 1758 421 1811 credo,
454 1759 568 1814 quod
597 1774 681 1799 non
710 1760 1022 1814 imperatorem,
1054 1758 1128 1799 sed
1156 1758 1420 1813 imperatoris
1436 1759 1656 1799 inimicum
1676 1763 1769 1798 tun-

282 1814 379 1855 dere
420 1815 646 1869 cogitastis.
706 1814 796 1856 Hos
837 1815 909 1869 qui
950 1829 1017 1855 me
1056 1829 1140 1854 non
1180 1821 1226 1854 ut
1264 1815 1575 1870 imperatorem,
1616 1813 1690 1855 sed
1723 1820 1769 1855 ut

280 1869 485 1911 latronem
530 1871 697 1925 viteque
741 1885 860 1911 meae
905 1869 1191 1911 insidiatorem
1238 1870 1463 1923 dimisere,
1508 1875 1767 1911 mortetenus

280 1925 523 1967 verbera-tos
564 1926 667 1967 urbe
698 1925 865 1981 expelli,
895 1925 1102 1980 bonisque
1133 1925 1327 1967 omnibus
1356 1926 1527 1981 privari,
1559 1939 1653 1966 mea
1683 1939 1768 1966 non

281 1980 417 2022 solum
448 1982 566 2037 cupit
594 1996 742 2023 verum
771 1982 895 2023 etiam
926 1982 1044 2023 iubet
1074 1981 1312 2022 auctoritas.
1373 1982 1459 2022 Vos
1490 1987 1631 2022 autem
1662 1981 1766 2023 meis

280 2051 365 2078 non
396 2036 531 2078 solum
553 2037 626 2078 sed
646 2037 794 2078 horum
817 2039 943 2078 etiam
964 2051 1259 2092 perversorum
1281 2037 1439 2078 divitiis
1460 2036 1594 2078 dono'.
1641 2036 1767 2088 Quod

281 2107 407 2148 quam
437 2092 667 2148 prudenter
697 2093 840 2147 egerit,
880 2094 1109 2148 paternitas
1138 2099 1210 2133 tua
1239 2093 1282 2132 in
1311 2092 1392 2133 hoc
1430 2092 1766 2133 animadvertere

280 2150 447 2204 poterit,
479 2150 677 2204 quoniam
698 2149 853 2190 caeteri
874 2155 1029 2190 extunc
1052 2149 1264 2190 civitatem
1286 2147 1604 2203 diligentissime
1630 2156 1766 2190 custo-

281 2204 383 2257 dire,
414 2203 525 2245 hunc
555 2205 682 2246 etiam
710 2205 926 2246 absentem
958 2205 1080 2260 quasi
1110 2210 1347 2259 presentem
1377 2218 1558 2259 sperare.
1609 2204 1765 2260 Sicque

280 2260 437 2301 factum
479 2266 552 2313 est,
593 2268 640 2301 ut
679 2267 720 2301 et
758 2261 988 2316 imperator
1027 2260 1208 2315 amplius
1250 2259 1300 2301 de
1339 2260 1495 2315 palatio
1525 2266 1652 2301 noctu
1681 2274 1766 2300 non

281 2315 568 2367 descenderet,
600 2323 641 2357 et
671 2316 735 2357 sui
767 2317 907 2357 omnia
937 2315 1114 2357 fideliter
1145 2315 1416 2357 custodirent.

212 2388 264 2423 (4.)
395 2373 459 2412 12.
502 2371 646 2412 Alium
679 2387 802 2427 quem
832 2373 923 2426 ipse
949 2372 1035 2427 egit
1053 2371 1212 2422 ludum,
1244 2370 1407 2412 silentio
1428 2372 1514 2425 tegi
1534 2370 1765 2412 absurdum

282 2442 372 2468 esse
402 2427 600 2468 diiudico.
652 2427 1163 2483 Constantinopolitanum
1193 2426 1395 2482 palatium
1427 2426 1479 2467 ob
1500 2427 1766 2481 imperatoris

282 2482 459 2524 salutem
499 2483 727 2525 multorum
767 2483 960 2538 presidiis
1000 2482 1177 2523 militum
1210 2482 1456 2523 custoditur.
1517 2481 1763 2524 Custodien-

280 2539 393 2580 tibus
424 2553 522 2580 vero
552 2540 688 2580 victus
720 2553 955 2593 censusque
995 2537 1250 2580 cottidianus
1279 2552 1363 2578 non
1392 2552 1547 2592 parvus
1577 2538 1764 2592 inpendi-

281 2595 391 2636 tiu·‘³.
452 2594 642 2650 Contigit
671 2595 813 2650 itaque
844 2595 933 2635 XII
963 2602 1058 2650 post
1089 2594 1275 2649 corporis
1305 2594 1577 2634 refectionem
1607 2594 1649 2633 in
1671 2594 1763 2648 ipso

282 2650 365 2692 diei
394 2650 557 2691 fervore
587 2665 670 2691 una
690 2651 733 2690 in
755 2650 880 2692 domo
902 2651 1129 2707 quiescere.
1178 2650 1272 2690 Mos
1294 2648 1475 2704 denique
1500 2649 1763 2704 imperatoris

281 2713 381 2759 erat,
412 2706 574 2748 cunctis
605 2707 917 2762 quiescentibus
957 2713 1090 2747 totum
1128 2711 1370 2760 perreptare
1403 2704 1617 2760 palatium.
1678 2705 1764 2757 Qui

281 2857 309 2889 a)
334 2859 371 2883 ita
398 2860 422 2884 1.
533 2860 561 2891 b)
586 2861 624 2884 ita
650 2862 672 2885 1.
783 2860 808 2891 c)
833 2861 1006 2885 sanctisime
1033 2861 1056 2885 1.
1166 2859 1195 2891 d)
1220 2859 1252 2885 C.
1275 2867 1301 2885 v.
1325 2867 1353 2885 v.
1377 2867 1401 2885 c.
1425 2867 1447 2885 c.
1470 2867 1497 2886 n.
1521 2867 1548 2891 p.
1571 2860 1590 2884 i.
1614 2859 1712 2885 desunt
1735 2859 1763 2886 5.

282 2898 333 2923 5a.
358 2897 415 2922 5a'
438 2899 541 2923 adsunt
563 2899 593 2923 in
616 2899 679 2923 edic.
703 2899 826 2930 Hervaq.
