1910 3209
384 244 435 275 VI
854 242 1123 276 PRAEFATIO
1150 243 1389 277 EDITORIS.

380 354 577 408 paravit,
609 368 738 407 quam
769 359 804 393 et
837 354 882 393 in
913 353 1087 406 scriptis
1117 354 1223 403 suis,
1254 354 1391 394 verbis
1422 361 1458 395 et
1485 358 1703 397 sententiis
1727 356 1860 398 Grae-

387 410 449 449 cis
480 410 658 463 integris
691 408 864 448 insertis
896 413 1021 460 atque
1052 408 1227 448 dicendi
1256 424 1406 463 genere
1443 411 1564 464 apud
1592 412 1861 466 Byzantinos

387 465 545 504 usitato
563 464 730 518 florido
761 469 797 503 et
826 463 1018 513 verboso,
1059 465 1296 515 ostentavit7
1333 470 1369 503 et
1398 465 1445 504 in
1476 467 1658 520 negotiis
1696 467 1862 508 Ottonis

387 519 660 572 imperatoris
701 517 902 573 gerendis
942 517 1087 558 utilem
1127 518 1210 558 sibi
1242 525 1395 571 postea
1433 527 1632 574 ewpertus
1669 528 1739 562 est.
1810 523 1861 563 In

378 576 575 628 patriam
605 574 746 614 reduae
765 573 1030 627 Berengarii
1049 579 1086 614 et
1114 572 1276 624 J‘Villae7
1305 574 1512 615 'incertum
1533 591 1621 629 qua
1642 576 1691 616 de
1712 592 1861 629 causa,

389 629 534 669 odium
564 629 779 669 vehemens
808 628 1011 679 incurrit>
1052 634 1176 682 atque
1199 643 1285 681 pro
1316 628 1416 670 bene
1446 632 1573 684 gestis
1602 631 1709 672 male
1740 632 1861 673 habi-

388 690 474 735 tus)
514 683 647 723 Italia
687 683 838 723 relicta
875 683 933 723 ad
978 683 1163 724 Ottonem
1198 683 1231 722 I.
1269 697 1407 738 regem
1443 685 1652 740 confugit.
1710 687 1751 726 A
1781 702 1863 741 quo

386 744 618 793 susceptus,
659 737 897 791 complures
928 753 1067 778 annos
1098 739 1144 778 in
1175 738 1304 780 eoeilio
1327 741 1508 794 peregit,
1545 743 1667 782 cuius
1699 756 1864 783 aerum-

387 809 468 834 nas
504 800 644 834 tamen
686 794 920 848 aegerrime
959 807 1244 847 nonunquam
1284 794 1380 835 tulit
1395 802 1420 846 ¹,
1460 796 1524 835 ita
1562 802 1607 835 ut
1636 797 1747 837 niliil
1774 798 1863 838 iam

386 848 493 889 mali
534 855 710 902 praeter
752 854 920 889 mortem
969 854 1044 888 aut
1086 849 1363 889 membrorum
1408 849 1736 892 debilitationem
1782 852 1865 893 sibi

386 903 579 944 relictum
606 919 703 955 esse,
737 905 881 944 omnia
901 918 998 944 vero
1021 903 1132 944 bona
1154 904 1376 957 speranda
1399 905 1494 957 sibi,
1525 913 1865 960 conquereretur.

390 957 702 999 Germanorum
733 965 832 999 tunc
862 957 1061 1013 linguam
1098 959 1264 1010 didicit7
1303 961 1484 1015 negotiis
1516 962 1689 1015 imperii
1718 963 1765 1002 in
1796 977 1865 1002 eec-

380 1014 602 1068 peditione
643 1014 796 1055 Italica
843 1015 1043 1069 gerendis
1088 1014 1375 1055 utilissimam.
1445 1016 1497 1056 In
1544 1015 1647 1056 aula
1700 1016 1865 1058 Ottonis

387 1083 481 1110 vere
522 1071 632 1110 anni
671 1069 751 1110 956
777 1068 1077 1122 familiaritas
1114 1071 1153 1110 ei
1189 1071 1425 1110 intercessit
1465 1086 1557 1111 cum
1594 1072 1865 1114 Recemundo

387 1125 585 1178 episcopo
616 1124 898 1175 Illibeffltano,
935 1125 1305 1165 Abderahamenis
1342 1127 1455 1180 regis
1492 1126 1650 1181 legato,
1689 1128 1763 1181 qui
1791 1128 1865 1168 Fe-

387 1179 565 1220 bruario
605 1186 642 1220 et
677 1180 838 1220 Martio
882 1195 1021 1220 mense
1063 1180 1348 1234 Francofurti
1390 1188 1622 1232 moratus²‚
1660 1183 1865 1235 precibus

386 1235 491 1286 suis,
524 1241 569 1275 ut
588 1235 910 1288 Liudprandus
941 1235 990 1275 de
1020 1236 1143 1276 rebus
1173 1238 1243 1277 sui
1273 1238 1472 1290 temporis
1494 1237 1728 1278 scribendis
1749 1239 1863 1293 cogi-

387 1296 507 1341 taret,
541 1296 758 1331 assecutus
788 1296 884 1330 estss.
936 1289 1022 1331 Sed
1047 1292 1224 1331 nonnisi
1243 1292 1413 1332 biennio
1428 1299 1541 1345 post,
1573 1292 1750 1346 ideoque
1771 1308 1866 1333 vere

390 1347 500 1386 anni
516 1345 608 1397 958,
627 1352 769 1386 noster
784 1345 1068 1399 Francofurti
1076 1348 1247 1400 positus
1259 1354 1275 1375 4
1291 1346 1613 1401 Antapodoseos
1629 1349 1714 1389 sive
1726 1348 1866 1389 Retri-

388 1400 578 1441 butionis
599 1416 715 1452 suae,
749 1416 835 1455 qua
859 1401 1018 1441 scilicet
1040 1403 1191 1442 amicis
1213 1402 1337 1453 bona,
1359 1403 1629 1457 Berengario
1651 1410 1687 1444 et
1715 1403 1864 1445 Witlae

387 1456 503 1496 mala
520 1456 602 1496 sibi
620 1455 743 1496 illata
756 1456 1017 1507 retribueret,
1030 1456 1281 1498 scribendae
1297 1459 1598 1512 initiumfecit,
1609 1474 1742 1512 neque
1758 1474 1866 1513 opus

388 1525 474 1551 uno
492 1510 658 1551 calamo
675 1514 825 1565 eoeegit.
846 1512 1019 1552 Priores
1036 1518 1118 1552 tres
1135 1512 1248 1563 libri,
1266 1513 1417 1566 quibus
1435 1529 1461 1553 a
1473 1515 1745 1566 gravissimis
1758 1516 1866 1556 viris

388 1565 543 1606 cczcdita
574 1580 614 1605 se
644 1566 805 1620 >referre
835 1567 951 1617 dicit,
983 1567 1210 1607 historiam
1246 1568 1348 1607 inde
1376 1568 1428 1607 ab
1459 1569 1570 1608 obitu
1608 1568 1752 1610 Caroli
1781 1569 1864 1609 III.

387 1635 505 1661 mino
536 1620 615 1661 888
650 1636 783 1675 usque
822 1622 880 1661 ad
916 1622 1093 1662 initium
1131 1623 1241 1663 anni
1270 1621 1648 1677 93122322ducu22t;
1685 1638 1865 1677 quorum

387 1677 557 1730 quidem
579 1677 770 1730 primum
793 1676 1078 1731 Francofurti
1108 1692 1224 1718 anno
1255 1676 1335 1718 958
1367 1679 1538 1732 incepit,
1568 1679 1800 1720 secundum
1828 1686 1866 1719 et

386 1733 585 1772 tertium5
635 1746 766 1786 aeque
815 1738 912 1772 ante
966 1732 1242 1773 Constantini
1289 1733 1655 1789 Poiyaligrogeniti
1707 1735 1863 1776 obitum

389 1802 503 1828 anno
535 1786 636 1839 959,
676 1793 711 1826 et
750 1788 944 1827 tertium⁶
984 1790 1031 1829 in
1066 1789 1422 1843 peregrinatione
1458 1790 1627 1842 positus
1664 1790 1711 1830 in
1740 1790 1862 1831 Paxo

386 1841 560 1882 insula⁷
593 1856 826 1897 aggressus
856 1848 927 1882 est.
986 1843 1163 1884 Librum
1193 1850 1391 1898 quartum
1417 1844 1690 1899 Berengario
1720 1845 1863 1886 adbuc

387 1899 624 1939 saeviente8
662 1898 836 1951 ideoque
882 1903 979 1938 ante
1017 1913 1183 1938 anniam
1226 1898 1302 1938 961
1348 1900 1622 1954 conscripsit,
1668 1900 1864 1941 ultimum

384 1953 487 1994 libri
524 1954 666 2008 quinti
700 1959 832 2007 caput
867 1968 960 1994 una
997 1968 1090 1994 cum
1129 1954 1234 1994 libro
1266 1960 1381 1995 sexto
1421 1954 1566 1996 Ottone
1598 1957 1862 2010 imperante⁹

387 2035 423 2079 1)
450 2037 502 2068 VI
529 2047 559 2069 o.
589 2037 620 2070 1.
694 2035 731 2078 2)
758 2037 840 2069 Vita
867 2037 1034 2068 Iohannis
1063 2036 1263 2070 Gorziensis
1291 2048 1320 2070 c.
1351 2037 1417 2069 130
1444 2037 1525 2079 (SS.
1552 2037 1614 2078 IV,
1646 2036 1745 2079 375).
1794 2038 1863 2070 Re-

387 2084 580 2117 cemundus
606 2088 730 2127 postea
757 2095 876 2117 mense
899 2085 1000 2117 Iunio
1021 2084 1219 2117 Cordubam
1249 2086 1358 2126 venit3
1386 2090 1468 2118 tune
1487 2086 1758 2118 Abderahaman
1786 2097 1865 2118 eum

385 2133 543 2166 Iohanne
572 2133 779 2173 Gorziensi,
811 2134 948 2166 Ottonis
975 2133 1105 2175 legato,
1134 2133 1176 2165 de
1205 2133 1403 2166 defectione
1432 2134 1585 2166 conradi
1613 2135 1671 2176 qui
1697 2134 1864 2167 Liudolfo

385 2181 533 2215 seducto
552 2182 713 2224 Ungaros
739 2192 802 2224 per
827 2181 945 2213 media
970 2191 1081 2222 regna
1108 2181 1381 2224 depopulaturos
1401 2182 1559 2223 duxerat,
1588 2182 1793 2223 collocutus,
1821 2193 1864 2215 ea

384 2234 423 2263 ut
447 2240 539 2262 nunc
566 2235 646 2262 acta
673 2231 889 2269 memoravit,
913 2230 994 2261 ideo
1022 2230 1285 2262 Reeemundum
1313 2232 1428 2273 potius
1456 2242 1546 2263 anno
1573 2230 1642 2262 955
1669 2241 1774 2273 quam
1794 2231 1864 2262 956

387 2278 549 2310 Conrado
576 2280 646 2310 iam
674 2278 838 2310 defuneto
865 2289 1042 2310 reversum
1077 2278 1184 2310 fuisse
1213 2279 1424 2319 eredideris3
1458 2279 1523 2311 sed
1557 2289 1635 2311 eum
1671 2278 1864 2321 diplomata

387 2328 551 2360 Ottonem
579 2327 678 2359 annis
697 2327 766 2358 956
790 2331 823 2358 et
843 2326 911 2357 958
940 2326 1162 2358 Franeofurti
1189 2330 1223 2359 et
1248 2328 1284 2358 in
1310 2328 1441 2359 vicinia
1467 2331 1639 2360 moratum
1665 2326 1863 2365 ostendant,

388 2378 422 2407 et
447 2375 695 2417 Liudprandus
723 2374 824 2407 aulae
852 2376 971 2416 regiae
1002 2375 1197 2407 inhaesisse
1232 2375 1405 2415 videatur,
1441 2386 1549 2408 annos
1577 2386 1636 2407 eos
1662 2376 1861 2417 praeposui.

387 2421 424 2463 3)
444 2423 500 2455 Ita
524 2424 595 2454 iam
613 2423 859 2455 Henschenius
886 2424 1084 2465 suspicatus
1112 2426 1254 2466 propter
1287 2425 1448 2456 vitiosam
1478 2424 1648 2455 editorum
1673 2423 1862 2455 lectionem

385 2470 586 2503 Raimundo
613 2482 685 2503 rem
714 2472 887 2503 conficere
914 2472 1085 2514 nequivit.
1127 2472 1219 2504 Tota
1236 2471 1473 2514 Antapodosis
1490 2471 1718 2504 Recemundo
1746 2471 1864 2504 dicata

387 2523 448 2557 est,
475 2523 514 2551 ut
539 2519 775 2562 praefationes
802 2520 969 2552 librorum
998 2524 1032 2551 et
1058 2519 1288 2552 allocutiones
1314 2525 1422 2562 pater
1453 2520 1530 2563 agie
1555 2521 1605 2552 IV
1634 2530 1662 2551 e.
1694 2519 1725 2560 6,
1755 2524 1865 2561 pater

387 2567 519 2611 egregie
550 2568 601 2600 IV
637 2578 667 2600 e.
700 2569 743 2599 27
786 2572 958 2600 testantur
998 2568 1060 2611 (ef.
1097 2570 1204 2600 etiam
1237 2570 1268 2601 V
1313 2579 1343 2601 c.
1380 2568 1430 2610 2).
1601 2567 1639 2608 4)
1672 2567 1729 2600 111
1762 2578 1793 2600 c.
1831 2569 1863 2602 1.

388 2614 426 2657 5)
452 2617 507 2648 111
536 2627 565 2649 e.
592 2616 648 2648 26.
751 2617 787 2658 6)
814 2618 870 2648 III
898 2627 928 2648 e.
960 2617 990 2648 1.
1093 2617 1126 2658 7)
1156 2617 1272 2649 Causa
1307 2617 1445 2649 itineris
1480 2617 1679 2658 ignoratur;
1714 2616 1862 2648 fortasse

387 2664 599 2697 Graecorum
627 2665 760 2697 animos
789 2665 832 2697 de
858 2664 1000 2697 foedere
1029 2668 1150 2697 eontra
1175 2666 1429 2707 Berengarium
1464 2664 1606 2697 iciendo
1632 2668 1864 2707 temptaturus

385 2712 428 2743 ab
449 2713 578 2745 Ottone
597 2714 722 2746 missus
742 2718 826 2754 erat,
846 2713 909 2746 sed
929 2713 1268 2756 Constantinopolim
1286 2714 1380 2746 haud
1399 2714 1569 2756 pervenit.
1664 2711 1701 2754 8)
1716 2713 1767 2745 IV
1782 2722 1813 2745 c.
1831 2712 1863 2744 7.

387 2758 423 2801 9)
450 2761 500 2793 VI
528 2763 562 2802 4,
602 2760 733 2793 domini
758 2762 870 2794 nostri
895 2767 976 2794 tunc
1001 2762 1103 2805 regis,
1137 2773 1230 2795 nunc
1256 2761 1486 2804 imperatoris,
1521 2761 1682 2793 nuntium
1691 2771 1702 2799 ;
1737 2760 1862 2793 eodem

385 2811 544 2851 tempore
571 2814 677 2853 caput
702 2810 862 2843 ultimum
888 2810 968 2842 libri
1003 2811 1116 2853 quinti
1152 2814 1332 2844 exaratum
1368 2821 1456 2851 esse,
1493 2809 1605 2842 codex
1639 2809 1862 2842 authenticus

385 2857 549 2889 ostendit.
