<?xml version="1.0" encoding="UTF-8"?>
<!DOCTYPE html PUBLIC "-//W3C//DTD XHTML 1.0 Transitional//EN"
    "http://www.w3.org/TR/xhtml1/DTD/xhtml1-transitional.dtd">
<html xmlns="http://www.w3.org/1999/xhtml" xml:lang="en" lang="en">
 <head>
  <title>
</title>
<meta http-equiv="Content-Type" content="text/html;charset=utf-8" />
  <meta name='ocr-system' content='tesseract 3.04.00' />
  <meta name='ocr-capabilities' content='ocr_page ocr_carea ocr_par ocr_line ocrx_word'/>
</head>
<body>
  <div class='ocr_page' id='page_1' title='image "./operaomnia00liuduoft_0096.png"; bbox 0 0 1853 3209; ppageno 0'>
   <div class='ocr_carea' id='block_1_1' title="bbox 135 804 326 833">
    <p class='ocr_par' dir='ltr' id='par_1_1' title="bbox 135 804 326 833">
     <span class='ocr_line' id='line_1_1' title="bbox 135 804 326 833; baseline 0.01 -4"><span class='ocrx_word' id='word_1_1' title='bbox 135 804 144 813; x_wconf 85' lang='lat'><strong>‘</strong></span> <span class='ocrx_word' id='word_1_2' title='bbox 161 806 180 833; x_wconf 90' lang='lat' dir='ltr'>i.</span> <span class='ocrx_word' id='word_1_3' title='bbox 192 813 220 832; x_wconf 90' lang='lat' dir='ltr'>e.</span> <span class='ocrx_word' id='word_1_4' title='bbox 232 806 326 832; x_wconf 85' lang='lat' dir='ltr'>iuxta.</span> 
     </span>
    </p>
   </div>
   <div class='ocr_carea' id='block_1_2' title="bbox 202 1470 332 1504">
    <p class='ocr_par' dir='ltr' id='par_1_2' title="bbox 202 1470 332 1504">
     <span class='ocr_line' id='line_1_2' title="bbox 202 1470 332 1504; baseline 0.031 -8"><span class='ocrx_word' id='word_1_5' title='bbox 202 1470 210 1479; x_wconf 81' lang='lat'><strong><em>‘</em></strong></span> <span class='ocrx_word' id='word_1_6' title='bbox 226 1479 254 1504; x_wconf 89' lang='lat' dir='ltr'>p.</span> <span class='ocrx_word' id='word_1_7' title='bbox 267 1471 332 1500; x_wconf 85' lang='lat'>308.</span> 
     </span>
    </p>
   </div>
   <div class='ocr_carea' id='block_1_3' title="bbox 158 1974 333 2000">
    <p class='ocr_par' dir='ltr' id='par_1_3' title="bbox 158 1974 333 2000">
     <span class='ocr_line' id='line_1_3' title="bbox 158 1974 333 2000; baseline -0.011 0"><span class='ocrx_word' id='word_1_8' title='bbox 158 1974 167 1982; x_wconf 82' lang='lat'><strong><em>‘</em></strong></span> <span class='ocrx_word' id='word_1_9' title='bbox 179 1974 333 2000; x_wconf 82' lang='lat' dir='ltr'><strong>articulus.</strong></span> 
     </span>
    </p>
   </div>
   <div class='ocr_carea' id='block_1_4' title="bbox 156 2249 334 2276">
    <p class='ocr_par' dir='ltr' id='par_1_4' title="bbox 156 2249 334 2276">
     <span class='ocr_line' id='line_1_4' title="bbox 156 2249 334 2276; baseline -0.006 -1"><span class='ocrx_word' id='word_1_10' title='bbox 156 2249 164 2257; x_wconf 85' lang='grc'><strong>”</strong></span> <span class='ocrx_word' id='word_1_11' title='bbox 182 2250 334 2276; x_wconf 82' lang='lat' dir='ltr'>articulus.</span> 
     </span>
    </p>
   </div>
   <div class='ocr_carea' id='block_1_5' title="bbox 266 2430 332 2495">
    <p class='ocr_par' dir='ltr' id='par_1_5' title="bbox 266 2430 332 2495">
     <span class='ocr_line' id='line_1_5' title="bbox 266 2430 332 2495; baseline 0.015 -1"><span class='ocrx_word' id='word_1_12' title='bbox 266 2430 332 2495; x_wconf 60' lang='lat'>98⁷2).</span> 
     </span>
    </p>
   </div>
   <div class='ocr_carea' id='block_1_6' title="bbox 341 183 1637 218">
    <p class='ocr_par' dir='ltr' id='par_1_6' title="bbox 341 183 1637 218">
     <span class='ocr_line' id='line_1_6' title="bbox 341 183 1637 218; baseline 0.003 -4"><span class='ocrx_word' id='word_1_13' title='bbox 341 183 385 214; x_wconf 78' lang='lat'>64</span> <span class='ocrx_word' id='word_1_14' title='bbox 510 183 813 216; x_wconf 80' lang='lat' dir='ltr'><strong>LIUDPRANDI</strong></span> <span class='ocrx_word' id='word_1_15' title='bbox 840 185 1186 218; x_wconf 80' lang='lat' dir='ltr'><strong>ANTAPODOSIS.</strong></span> <span class='ocrx_word' id='word_1_16' title='bbox 1239 186 1332 217; x_wconf 87' lang='lat' dir='ltr'><strong>LIB.</strong></span> <span class='ocrx_word' id='word_1_17' title='bbox 1360 186 1429 217; x_wconf 93' lang='lat' dir='ltr'><strong>III.</strong></span> <span class='ocrx_word' id='word_1_18' title='bbox 1483 186 1637 218; x_wconf 75' lang='lat'>25-26.</span> 
     </span>
    </p>
   </div>
   <div class='ocr_carea' id='block_1_7' title="bbox 338 293 1853 2396">
    <p class='ocr_par' dir='ltr' id='par_1_7' title="bbox 338 293 1853 2396">
     <span class='ocr_line' id='line_1_7' title="bbox 340 293 1818 350; baseline 0.003 -16"><span class='ocrx_word' id='word_1_19' title='bbox 340 293 528 335; x_wconf 89' lang='lat' dir='ltr'>dinetum</span> <span class='ocrx_word' id='word_1_20' title='bbox 557 295 713 335; x_wconf 88' lang='lat' dir='ltr'>iactare</span> <span class='ocrx_word' id='word_1_21' title='bbox 743 295 945 350; x_wconf 74' lang='lat' dir='ltr'>precepit.</span> <span class='ocrx_word' id='word_1_22' title='bbox 988 295 1093 336; x_wconf 84' lang='lat' dir='ltr'>Erat</span> <span class='ocrx_word' id='word_1_23' title='bbox 1121 302 1262 337; x_wconf 88' lang='lat' dir='ltr'>autem</span> <span class='ocrx_word' id='word_1_24' title='bbox 1292 296 1335 336; x_wconf 92' lang='lat' dir='ltr'>in</span> <span class='ocrx_word' id='word_1_25' title='bbox 1364 296 1611 338; x_wconf 86' lang='lat' dir='ltr'>arundineto</span> <span class='ocrx_word' id='word_1_26' title='bbox 1642 311 1818 338; x_wconf 82' lang='lat' dir='ltr'>acervus</span> 
     </span>
     <span class='ocr_line' id='line_1_8' title="bbox 338 349 1820 407; baseline 0.003 -19"><span class='ocrx_word' id='word_1_27' title='bbox 338 349 613 390; x_wconf 79' lang='lat' dir='ltr'>arundinibus</span> <span class='ocrx_word' id='word_1_28' title='bbox 642 349 804 404; x_wconf 86' lang='lat' dir='ltr'>plenus,</span> <span class='ocrx_word' id='word_1_29' title='bbox 835 350 879 390; x_wconf 90' lang='lat' dir='ltr'>in</span> <span class='ocrx_word' id='word_1_30' title='bbox 910 364 1034 405; x_wconf 88' lang='lat' dir='ltr'>quem</span> <span class='ocrx_word' id='word_1_31' title='bbox 1064 349 1128 391; x_wconf 92' lang='lat' dir='ltr'>leo</span> <span class='ocrx_word' id='word_1_32' title='bbox 1160 351 1420 405; x_wconf 74' lang='lat' dir='ltr'>confugiens,</span> <span class='ocrx_word' id='word_1_33' title='bbox 1450 350 1518 392; x_wconf 91' lang='lat' dir='ltr'>illo</span> <span class='ocrx_word' id='word_1_34' title='bbox 1550 358 1612 393; x_wconf 89' lang='lat' dir='ltr'>est</span> <span class='ocrx_word' id='word_1_35' title='bbox 1641 351 1694 393; x_wconf 87' lang='lat' dir='ltr'>ab</span> <span class='ocrx_word' id='word_1_36' title='bbox 1722 353 1820 407; x_wconf 82' lang='lat' dir='ltr'>igne</span> 
     </span>
     <span class='ocr_line' id='line_1_9' title="bbox 341 403 1821 461; baseline 0.003 -17"><span class='ocrx_word' id='word_1_37' title='bbox 341 403 539 445; x_wconf 77' lang='lat' dir='ltr'>salvatus.</span> <span class='ocrx_word' id='word_1_38' title='bbox 583 405 745 445; x_wconf 85' lang='lat' dir='ltr'>Ventus</span> <span class='ocrx_word' id='word_1_39' title='bbox 777 405 934 460; x_wconf 78' lang='lat' dir='ltr'>quippe</span> <span class='ocrx_word' id='word_1_40' title='bbox 967 406 1175 447; x_wconf 84' lang='lat' dir='ltr'>contraria</span> <span class='ocrx_word' id='word_1_41' title='bbox 1206 421 1259 446; x_wconf 82' lang='lat' dir='ltr'>ex</span> <span class='ocrx_word' id='word_1_42' title='bbox 1289 413 1407 461; x_wconf 86' lang='lat' dir='ltr'>parte</span> <span class='ocrx_word' id='word_1_43' title='bbox 1437 406 1556 459; x_wconf 90' lang='lat' dir='ltr'>flans,</span> <span class='ocrx_word' id='word_1_44' title='bbox 1585 407 1739 461; x_wconf 85' lang='lat' dir='ltr'>ignem,</span> <span class='ocrx_word' id='word_1_45' title='bbox 1769 422 1821 449; x_wconf 85' lang='lat' dir='ltr'>ne</span> 
     </span>
     <span class='ocr_line' id='line_1_10' title="bbox 340 458 1843 518; baseline 0.003 -18"><span class='ocrx_word' id='word_1_46' title='bbox 340 458 395 500; x_wconf 85' lang='lat' dir='ltr'>ad</span> <span class='ocrx_word' id='word_1_47' title='bbox 423 472 625 500; x_wconf 79' lang='lat' dir='ltr'>acervum</span> <span class='ocrx_word' id='word_1_48' title='bbox 654 474 788 514; x_wconf 89' lang='lat' dir='ltr'>usque</span> <span class='ocrx_word' id='word_1_49' title='bbox 818 461 1069 514; x_wconf 85' lang='lat' dir='ltr'>perveniret,</span> <span class='ocrx_word' id='word_1_50' title='bbox 1115 463 1330 502; x_wconf 80' lang='lat' dir='ltr'>ammovit.</span> <span class='ocrx_word' id='word_1_51' title='bbox 1389 462 1601 503; x_wconf 79' lang='lat' dir='ltr'>Romanos</span> <span class='ocrx_word' id='word_1_52' title='bbox 1632 468 1843 518; x_wconf 78' lang='lat' dir='ltr'>preterea</span> 
     </span>
     <span class='ocr_line' id='line_1_11' title="bbox 341 515 1822 570; baseline 0.002 -15"><span class='ocrx_word' id='word_1_53' title='bbox 341 521 436 570; x_wconf 87' lang='lat' dir='ltr'>post</span> <span class='ocrx_word' id='word_1_54' title='bbox 474 515 582 569; x_wconf 85' lang='lat' dir='ltr'>ignis</span> <span class='ocrx_word' id='word_1_55' title='bbox 622 515 923 556; x_wconf 79' lang='lat' dir='ltr'>extinctionem</span> <span class='ocrx_word' id='word_1_56' title='bbox 964 530 1046 556; x_wconf 88' lang='grc'><strong>11110</strong></span> <span class='ocrx_word' id='word_1_57' title='bbox 1091 522 1253 557; x_wconf 89' lang='lat' dir='ltr'>tantum</span> <span class='ocrx_word' id='word_1_58' title='bbox 1293 531 1388 558; x_wconf 90' lang='lat' dir='ltr'>cum</span> <span class='ocrx_word' id='word_1_59' title='bbox 1432 517 1633 570; x_wconf 87' lang='lat' dir='ltr'>assecula,</span> <span class='ocrx_word' id='word_1_60' title='bbox 1679 532 1822 559; x_wconf 84' lang='lat' dir='ltr'>ensem</span> 
     </span>
     <span class='ocr_line' id='line_1_12' title="bbox 342 569 1822 626; baseline 0.003 -16"><span class='ocrx_word' id='word_1_61' title='bbox 342 569 477 610; x_wconf 86' lang='lat' dir='ltr'>solum</span> <span class='ocrx_word' id='word_1_62' title='bbox 509 569 670 623; x_wconf 82' lang='lat' dir='ltr'>dextra,</span> <span class='ocrx_word' id='word_1_63' title='bbox 701 571 868 612; x_wconf 88' lang='lat' dir='ltr'>sinistra</span> <span class='ocrx_word' id='word_1_64' title='bbox 897 578 1037 612; x_wconf 86' lang='lat' dir='ltr'>autem</span> <span class='ocrx_word' id='word_1_65' title='bbox 1067 570 1240 625; x_wconf 87' lang='lat' dir='ltr'>pallium</span> <span class='ocrx_word' id='word_1_66' title='bbox 1270 580 1453 626; x_wconf 88' lang='lat' dir='ltr'>gestans,</span> <span class='ocrx_word' id='word_1_67' title='bbox 1483 573 1624 614; x_wconf 91' lang='lat' dir='ltr'>locum</span> <span class='ocrx_word' id='word_1_68' title='bbox 1656 588 1822 615; x_wconf 88' lang='lat' dir='ltr'>omnem</span> 
     </span>
     <span class='ocr_line' id='line_1_13' title="bbox 341 625 1823 684; baseline 0.003 -19"><span class='ocrx_word' id='word_1_69' title='bbox 341 640 571 681; x_wconf 84' lang='lat' dir='ltr'>peragrans</span> <span class='ocrx_word' id='word_1_70' title='bbox 601 626 761 679; x_wconf 87' lang='lat' dir='ltr'>lustrat,</span> <span class='ocrx_word' id='word_1_71' title='bbox 794 627 828 666; x_wconf 86' lang='lat' dir='ltr'>si</span> <span class='ocrx_word' id='word_1_72' title='bbox 857 625 963 667; x_wconf 88' lang='lat' dir='ltr'>forte</span> <span class='ocrx_word' id='word_1_73' title='bbox 995 640 1040 666; x_wconf 92' lang='lat' dir='ltr'>os</span> <span class='ocrx_word' id='word_1_74' title='bbox 1072 641 1125 667; x_wconf 85' lang='lat' dir='ltr'>ex</span> <span class='ocrx_word' id='word_1_75' title='bbox 1157 642 1203 667; x_wconf 91' lang='lat' dir='ltr'>eo</span> <span class='ocrx_word' id='word_1_76' title='bbox 1235 627 1303 668; x_wconf 88' lang='lat' dir='ltr'>vel</span> <span class='ocrx_word' id='word_1_77' title='bbox 1333 629 1500 683; x_wconf 88' lang='lat' dir='ltr'>signum</span> <span class='ocrx_word' id='word_1_78' title='bbox 1530 628 1701 684; x_wconf 82' lang='lat' dir='ltr'>aliquod</span> <span class='ocrx_word' id='word_1_79' title='bbox 1731 643 1823 684; x_wconf 89' lang='lat' dir='ltr'>rep-</span> 
     </span>
     <span class='ocr_line' id='line_1_14' title="bbox 341 681 1826 739; baseline 0.003 -17"><span class='ocrx_word' id='word_1_80' title='bbox 341 681 508 736; x_wconf 89' lang='lat' dir='ltr'>periret.</span> <span class='ocrx_word' id='word_1_81' title='bbox 565 681 657 722; x_wconf 87' lang='lat' dir='ltr'>Iam</span> <span class='ocrx_word' id='word_1_82' title='bbox 687 696 786 723; x_wconf 91' lang='lat' dir='ltr'>vero</span> <span class='ocrx_word' id='word_1_83' title='bbox 819 697 916 722; x_wconf 90' lang='lat' dir='ltr'>cum</span> <span class='ocrx_word' id='word_1_84' title='bbox 946 682 989 721; x_wconf 91' lang='lat' dir='ltr'>in</span> <span class='ocrx_word' id='word_1_85' title='bbox 1019 696 1068 722; x_wconf 90' lang='lat' dir='ltr'>eo</span> <span class='ocrx_word' id='word_1_86' title='bbox 1099 689 1220 733; x_wconf 86' lang='lat' dir='ltr'>esset,</span> <span class='ocrx_word' id='word_1_87' title='bbox 1250 690 1296 724; x_wconf 88' lang='lat' dir='ltr'>ut</span> <span class='ocrx_word' id='word_1_88' title='bbox 1325 683 1452 724; x_wconf 86' lang='lat' dir='ltr'>nichil</span> <span class='ocrx_word' id='word_1_89' title='bbox 1472 685 1688 725; x_wconf 89' lang='lat' dir='ltr'>inveniens</span> <span class='ocrx_word' id='word_1_90' title='bbox 1709 699 1826 739; x_wconf 85' lang='lat' dir='ltr'>repe-</span> 
     </span>
     <span class='ocr_line' id='line_1_15' title="bbox 342 736 1848 794; baseline 0.003 -18"><span class='ocrx_word' id='word_1_91' title='bbox 342 736 472 789; x_wconf 80' lang='lat' dir='ltr'>daret,</span> <span class='ocrx_word' id='word_1_92' title='bbox 504 737 606 793; x_wconf 85' lang='lat' dir='ltr'>quid</span> <span class='ocrx_word' id='word_1_93' title='bbox 636 737 714 778; x_wconf 89' lang='lat' dir='ltr'>hoe</span> <span class='ocrx_word' id='word_1_94' title='bbox 746 738 922 778; x_wconf 81' lang='lat' dir='ltr'>monstri</span> <span class='ocrx_word' id='word_1_95' title='bbox 954 744 1075 789; x_wconf 86' lang='lat' dir='ltr'>esset,</span> <span class='ocrx_word' id='word_1_96' title='bbox 1108 737 1221 792; x_wconf 85' lang='lat' dir='ltr'>quod</span> <span class='ocrx_word' id='word_1_97' title='bbox 1251 752 1425 779; x_wconf 87' lang='lat' dir='ltr'>acervus</span> <span class='ocrx_word' id='word_1_98' title='bbox 1463 738 1530 780; x_wconf 92' lang='lat' dir='ltr'>ille</span> <span class='ocrx_word' id='word_1_99' title='bbox 1562 740 1614 780; x_wconf 89' lang='lat' dir='ltr'>sit</span> <span class='ocrx_word' id='word_1_100' title='bbox 1644 738 1696 779; x_wconf 89' lang='lat' dir='ltr'>ab</span> <span class='ocrx_word' id='word_1_101' title='bbox 1727 739 1848 794; x_wconf 82' lang='lat' dir='ltr'>igne:</span> 
     </span>
     <span class='ocr_line' id='line_1_16' title="bbox 343 791 1853 849; baseline 0.002 -17"><span class='ocrx_word' id='word_1_102' title='bbox 343 791 539 845; x_wconf 82' lang='lat' dir='ltr'>salvatus,</span> <span class='ocrx_word' id='word_1_103' title='bbox 571 793 731 834; x_wconf 82' lang='lat' dir='ltr'>studuit</span> <span class='ocrx_word' id='word_1_104' title='bbox 768 794 914 834; x_wconf 89' lang='lat' dir='ltr'>visere.</span> <span class='ocrx_word' id='word_1_105' title='bbox 984 792 1178 847; x_wconf 82' lang='lat' dir='ltr'>Cumque</span> <span class='ocrx_word' id='word_1_106' title='bbox 1219 792 1301 834; x_wconf 91' lang='lat' dir='ltr'>duo</span> <span class='ocrx_word' id='word_1_107' title='bbox 1342 797 1532 849; x_wconf 88' lang='lat' dir='ltr'>propter*</span> <span class='ocrx_word' id='word_1_108' title='bbox 1573 795 1853 848; x_wconf 65' lang='lat' dir='ltr'>assisterent,=‘</span> 
     </span>
     <span class='ocr_line' id='line_1_17' title="bbox 343 847 1826 904; baseline 0.001 -16"><span class='ocrx_word' id='word_1_109' title='bbox 343 862 573 904; x_wconf 82' lang='lat' dir='ltr'>secumque</span> <span class='ocrx_word' id='word_1_110' title='bbox 603 848 729 889; x_wconf 87' lang='lat' dir='ltr'>rebus</span> <span class='ocrx_word' id='word_1_111' title='bbox 760 863 813 889; x_wconf 82' lang='lat' dir='ltr'>ex</span> <span class='ocrx_word' id='word_1_112' title='bbox 842 847 1053 889; x_wconf 85' lang='lat' dir='ltr'>nonnullis</span> <span class='ocrx_word' id='word_1_113' title='bbox 1085 848 1414 901; x_wconf 69' lang='lat' dir='ltr'>csmfabularent,</span> <span class='ocrx_word' id='word_1_114' title='bbox 1455 849 1518 891; x_wconf 92' lang='lat' dir='ltr'>leo</span> <span class='ocrx_word' id='word_1_115' title='bbox 1560 865 1630 891; x_wconf 86' lang='lat' dir='ltr'>eos</span> <span class='ocrx_word' id='word_1_116' title='bbox 1662 857 1826 891; x_wconf 86' lang='lat' dir='ltr'>tantum</span> 
     </span>
     <span class='ocr_line' id='line_1_18' title="bbox 342 903 1826 960; baseline 0.001 -16"><span class='ocrx_word' id='word_1_117' title='bbox 342 904 514 957; x_wconf 87' lang='lat' dir='ltr'>audivit,</span> <span class='ocrx_word' id='word_1_118' title='bbox 548 905 747 959; x_wconf 80' lang='lat' dir='ltr'>quoniam</span> <span class='ocrx_word' id='word_1_119' title='bbox 770 903 940 959; x_wconf 88' lang='lat' dir='ltr'>quidem</span> <span class='ocrx_word' id='word_1_120' title='bbox 968 904 1020 945; x_wconf 85' lang='lat' dir='ltr'>ob</span> <span class='ocrx_word' id='word_1_121' title='bbox 1043 903 1270 958; x_wconf 75' lang='lat' dir='ltr'>caligantes</span> <span class='ocrx_word' id='word_1_122' title='bbox 1292 904 1434 945; x_wconf 90' lang='lat' dir='ltr'>oculos</span> <span class='ocrx_word' id='word_1_123' title='bbox 1458 920 1573 960; x_wconf 78' lang='grc' dir='ltr'><strong>παρα</strong></span> <span class='ocrx_word' id='word_1_124' title='bbox 1593 907 1650 946; x_wconf 81' lang='grc' dir='ltr'>τῶ</span> <span class='ocrx_word' id='word_1_125' title='bbox 1672 919 1826 958; x_wconf 80' lang='grc' dir='ltr'>καπνω,</span> 
     </span>
     <span class='ocr_line' id='line_1_19' title="bbox 342 960 1853 1016; baseline 0.001 -17"><span class='ocrx_word' id='word_1_126' title='bbox 342 961 448 1013; x_wconf 76' lang='lat' dir='ltr'>para</span> <span class='ocrx_word' id='word_1_127' title='bbox 492 967 532 1001; x_wconf 91' lang='lat' dir='ltr'>to</span> <span class='ocrx_word' id='word_1_128' title='bbox 579 962 728 1015; x_wconf 67' lang='lat' dir='ltr'>capno,</span> <span class='ocrx_word' id='word_1_129' title='bbox 775 960 888 1015; x_wconf 86' lang='lat' dir='ltr'>quod</span> <span class='ocrx_word' id='word_1_130' title='bbox 934 966 997 1000; x_wconf 87' lang='lat' dir='ltr'>est</span> <span class='ocrx_word' id='word_1_131' title='bbox 1042 960 1095 1001; x_wconf 93' lang='lat' dir='ltr'>ob</span> <span class='ocrx_word' id='word_1_132' title='bbox 1139 960 1315 1013; x_wconf 85' lang='lat' dir='ltr'>fumum,</span> <span class='ocrx_word' id='word_1_133' title='bbox 1359 960 1504 1002; x_wconf 82' lang='lat' dir='ltr'>videre</span> <span class='ocrx_word' id='word_1_134' title='bbox 1548 975 1633 1001; x_wconf 91' lang='lat' dir='ltr'>non</span> <span class='ocrx_word' id='word_1_135' title='bbox 1676 961 1853 1016; x_wconf 51' lang='lat' dir='ltr'>potuit.¹</span> 
     </span>
     <span class='ocr_line' id='line_1_20' title="bbox 343 1014 1826 1071; baseline 0.001 -15"><span class='ocrx_word' id='word_1_136' title='bbox 343 1014 500 1056; x_wconf 87' lang='lat' dir='ltr'>Volens</span> <span class='ocrx_word' id='word_1_137' title='bbox 531 1015 662 1070; x_wconf 84' lang='lat' dir='ltr'>igitur</span> <span class='ocrx_word' id='word_1_138' title='bbox 691 1015 754 1056; x_wconf 90' lang='lat' dir='ltr'>leo</span> <span class='ocrx_word' id='word_1_139' title='bbox 785 1016 912 1055; x_wconf 89' lang='lat' dir='ltr'>animi</span> <span class='ocrx_word' id='word_1_140' title='bbox 944 1016 1007 1055; x_wconf 91' lang='lat' dir='ltr'>sui</span> <span class='ocrx_word' id='word_1_141' title='bbox 1037 1015 1234 1067; x_wconf 85' lang='lat' dir='ltr'>furorem,</span> <span class='ocrx_word' id='word_1_142' title='bbox 1281 1031 1408 1071; x_wconf 85' lang='lat' dir='ltr'>quem</span> <span class='ocrx_word' id='word_1_143' title='bbox 1448 1015 1501 1057; x_wconf 87' lang='lat' dir='ltr'>ab</span> <span class='ocrx_word' id='word_1_144' title='bbox 1542 1017 1638 1071; x_wconf 88' lang='lat' dir='ltr'>igne</span> <span class='ocrx_word' id='word_1_145' title='bbox 1680 1031 1826 1057; x_wconf 89' lang='lat' dir='ltr'>conce-</span> 
     </span>
     <span class='ocr_line' id='line_1_21' title="bbox 343 1070 1827 1127; baseline 0.001 -16"><span class='ocrx_word' id='word_1_146' title='bbox 343 1079 475 1126; x_wconf 90' lang='lat' dir='ltr'>perat,</span> <span class='ocrx_word' id='word_1_147' title='bbox 505 1071 546 1111; x_wconf 91' lang='lat' dir='ltr'>in</span> <span class='ocrx_word' id='word_1_148' title='bbox 577 1070 653 1112; x_wconf 87' lang='lat' dir='ltr'>hos</span> <span class='ocrx_word' id='word_1_149' title='bbox 684 1086 889 1123; x_wconf 82' lang='lat' dir='ltr'>evomere,</span> <span class='ocrx_word' id='word_1_150' title='bbox 922 1070 1030 1111; x_wconf 88' lang='lat' dir='ltr'>saltu</span> <span class='ocrx_word' id='word_1_151' title='bbox 1060 1071 1341 1125; x_wconf 84' lang='lat' dir='ltr'>rapidissimo,</span> <span class='ocrx_word' id='word_1_152' title='bbox 1385 1086 1469 1127; x_wconf 88' lang='lat' dir='ltr'>qua</span> <span class='ocrx_word' id='word_1_153' title='bbox 1505 1071 1671 1112; x_wconf 90' lang='lat' dir='ltr'>illorum</span> <span class='ocrx_word' id='word_1_154' title='bbox 1701 1086 1827 1113; x_wconf 88' lang='lat' dir='ltr'>voces</span> 
     </span>
     <span class='ocr_line' id='line_1_22' title="bbox 344 1126 1828 1182; baseline 0.001 -16"><span class='ocrx_word' id='word_1_155' title='bbox 344 1127 546 1179; x_wconf 89' lang='lat' dir='ltr'>audierat,</span> <span class='ocrx_word' id='word_1_156' title='bbox 592 1141 663 1168; x_wconf 92' lang='lat' dir='ltr'>eos</span> <span class='ocrx_word' id='word_1_157' title='bbox 708 1128 815 1168; x_wconf 91' lang='lat' dir='ltr'>inter</span> <span class='ocrx_word' id='word_1_158' title='bbox 853 1126 1043 1182; x_wconf 77' lang='lat' dir='ltr'>prosiliit.</span> <span class='ocrx_word' id='word_1_159' title='bbox 1112 1127 1325 1168; x_wconf 77' lang='lat' dir='ltr'>Romanos</span> <span class='ocrx_word' id='word_1_160' title='bbox 1366 1142 1478 1179; x_wconf 88' lang='lat' dir='ltr'>vero,</span> <span class='ocrx_word' id='word_1_161' title='bbox 1520 1142 1605 1168; x_wconf 89' lang='lat' dir='ltr'>non</span> <span class='ocrx_word' id='word_1_162' title='bbox 1644 1133 1691 1168; x_wconf 97' lang='grc'>111</span> <span class='ocrx_word' id='word_1_163' title='bbox 1728 1142 1828 1168; x_wconf 89' lang='grc'><strong>311113</strong></span> 
     </span>
     <span class='ocr_line' id='line_1_23' title="bbox 343 1182 1828 1238; baseline 0.001 -16"><span class='ocrx_word' id='word_1_164' title='bbox 343 1182 535 1223; x_wconf 88' lang='lat' dir='ltr'>assecula</span> <span class='ocrx_word' id='word_1_165' title='bbox 563 1183 771 1238; x_wconf 87' lang='lat' dir='ltr'>pavitans,</span> <span class='ocrx_word' id='word_1_166' title='bbox 818 1183 891 1223; x_wconf 84' lang='lat' dir='ltr'>sed</span> <span class='ocrx_word' id='word_1_167' title='bbox 931 1197 981 1223; x_wconf 92' lang='lat' dir='ltr'>ea</span> <span class='ocrx_word' id='word_1_168' title='bbox 1019 1183 1158 1237; x_wconf 89' lang='lat' dir='ltr'>potius</span> <span class='ocrx_word' id='word_1_169' title='bbox 1199 1190 1337 1224; x_wconf 90' lang='lat' dir='ltr'>mente</span> <span class='ocrx_word' id='word_1_170' title='bbox 1376 1184 1620 1235; x_wconf 80' lang='lat' dir='ltr'>consistens,</span> <span class='ocrx_word' id='word_1_171' title='bbox 1665 1188 1712 1223; x_wconf 85' lang='lat' dir='ltr'>ut</span> <span class='ocrx_word' id='word_1_172' title='bbox 1750 1184 1828 1224; x_wconf 86' lang='lat' dir='ltr'>etsi</span> 
     </span>
     <span class='ocr_line' id='line_1_24' title="bbox 345 1237 1828 1293; baseline 0.001 -15"><span class='ocrx_word' id='word_1_173' title='bbox 345 1238 501 1278; x_wconf 84' lang='lat' dir='ltr'>fractus</span> <span class='ocrx_word' id='word_1_174' title='bbox 540 1238 710 1279; x_wconf 89' lang='lat' dir='ltr'>caderet</span> <span class='ocrx_word' id='word_1_175' title='bbox 748 1237 873 1291; x_wconf 88' lang='lat' dir='ltr'>orbis,</span> <span class='ocrx_word' id='word_1_176' title='bbox 916 1238 1163 1292; x_wconf 84' lang='lat' dir='ltr'>inpavidum</span> <span class='ocrx_word' id='word_1_177' title='bbox 1204 1239 1350 1280; x_wconf 84' lang='lat' dir='ltr'>ruinae</span> <span class='ocrx_word' id='word_1_178' title='bbox 1390 1239 1600 1289; x_wconf 82' lang='lat' dir='ltr'>ferirent1,</span> <span class='ocrx_word' id='word_1_179' title='bbox 1642 1237 1828 1293; x_wconf 87' lang='lat' dir='ltr'>pallium,</span> 
     </span>
     <span class='ocr_line' id='line_1_25' title="bbox 346 1293 1829 1348; baseline 0.001 -15"><span class='ocrx_word' id='word_1_180' title='bbox 346 1293 458 1348; x_wconf 89' lang='lat' dir='ltr'>quod</span> <span class='ocrx_word' id='word_1_181' title='bbox 489 1308 617 1334; x_wconf 88' lang='lat' dir='ltr'>manu</span> <span class='ocrx_word' id='word_1_182' title='bbox 646 1293 852 1348; x_wconf 81' lang='lat' dir='ltr'>gestabat,</span> <span class='ocrx_word' id='word_1_183' title='bbox 882 1293 1013 1334; x_wconf 90' lang='grc'><strong>1001113</strong></span> <span class='ocrx_word' id='word_1_184' title='bbox 1044 1294 1151 1334; x_wconf 88' lang='lat' dir='ltr'>inter</span> <span class='ocrx_word' id='word_1_185' title='bbox 1181 1293 1352 1335; x_wconf 82' lang='lat' dir='ltr'>brachia</span> <span class='ocrx_word' id='word_1_186' title='bbox 1383 1295 1508 1335; x_wconf 86' lang='lat' dir='ltr'>misit.</span> <span class='ocrx_word' id='word_1_187' title='bbox 1570 1293 1696 1346; x_wconf 79' lang='lat' dir='ltr'>Quod</span> <span class='ocrx_word' id='word_1_188' title='bbox 1726 1294 1829 1335; x_wconf 89' lang='lat' dir='ltr'>dum</span> 
     </span>
     <span class='ocr_line' id='line_1_26' title="bbox 345 1349 1828 1405; baseline 0.001 -16"><span class='ocrx_word' id='word_1_189' title='bbox 345 1364 420 1403; x_wconf 89' lang='lat' dir='ltr'>pro</span> <span class='ocrx_word' id='word_1_190' title='bbox 460 1349 628 1390; x_wconf 91' lang='lat' dir='ltr'>homine</span> <span class='ocrx_word' id='word_1_191' title='bbox 670 1349 734 1390; x_wconf 91' lang='lat' dir='ltr'>leo</span> <span class='ocrx_word' id='word_1_192' title='bbox 774 1349 1064 1404; x_wconf 86' lang='lat' dir='ltr'>disscerperet,</span> <span class='ocrx_word' id='word_1_193' title='bbox 1104 1349 1317 1390; x_wconf 71' lang='lat' dir='ltr'>Romanos</span> <span class='ocrx_word' id='word_1_194' title='bbox 1359 1351 1455 1391; x_wconf 88' lang='lat' dir='ltr'>totis</span> <span class='ocrx_word' id='word_1_195' title='bbox 1495 1349 1607 1391; x_wconf 88' lang='lat' dir='ltr'>hunc</span> <span class='ocrx_word' id='word_1_196' title='bbox 1646 1365 1671 1390; x_wconf 91' lang='lat' dir='ltr'>a</span> <span class='ocrx_word' id='word_1_197' title='bbox 1709 1356 1828 1405; x_wconf 87' lang='lat' dir='ltr'>tergo</span> 
     </span>
     <span class='ocr_line' id='line_1_27' title="bbox 346 1404 1829 1460; baseline 0.001 -15"><span class='ocrx_word' id='word_1_198' title='bbox 346 1405 506 1446; x_wconf 84' lang='lat' dir='ltr'>viribus</span> <span class='ocrx_word' id='word_1_199' title='bbox 537 1406 644 1446; x_wconf 90' lang='lat' dir='ltr'>inter</span> <span class='ocrx_word' id='word_1_200' title='bbox 675 1404 862 1445; x_wconf 85' lang='lat' dir='ltr'>clunium</span> <span class='ocrx_word' id='word_1_201' title='bbox 900 1405 1115 1446; x_wconf 80' lang='lat' dir='ltr'>iunturasa</span> <span class='ocrx_word' id='word_1_202' title='bbox 1155 1419 1252 1445; x_wconf 90' lang='lat' dir='ltr'>ense</span> <span class='ocrx_word' id='word_1_203' title='bbox 1290 1407 1508 1460; x_wconf 82' lang='lat' dir='ltr'>percussit.</span> <span class='ocrx_word' id='word_1_204' title='bbox 1576 1406 1660 1457; x_wconf 70' lang='lat' dir='ltr'>Qui</span> <span class='ocrx_word' id='word_1_205' title='bbox 1700 1405 1829 1447; x_wconf 87' lang='lat' dir='ltr'>disso-</span> 
     </span>
     <span class='ocr_line' id='line_1_28' title="bbox 346 1460 1829 1516; baseline 0.001 -16"><span class='ocrx_word' id='word_1_206' title='bbox 346 1461 458 1501; x_wconf 84' lang='lat' dir='ltr'>tiatis</span> <span class='ocrx_word' id='word_1_207' title='bbox 490 1460 738 1516; x_wconf 84' lang='lat' dir='ltr'>divisisque*</span> <span class='ocrx_word' id='word_1_208' title='bbox 772 1460 995 1501; x_wconf 74' lang='lat' dir='ltr'>eruribusb</span> <span class='ocrx_word' id='word_1_209' title='bbox 1037 1461 1136 1515; x_wconf 88' lang='lat' dir='ltr'>quia</span> <span class='ocrx_word' id='word_1_210' title='bbox 1177 1467 1285 1501; x_wconf 84' lang='lat' dir='ltr'>stare</span> <span class='ocrx_word' id='word_1_211' title='bbox 1325 1476 1409 1501; x_wconf 91' lang='lat' dir='ltr'>non</span> <span class='ocrx_word' id='word_1_212' title='bbox 1440 1461 1588 1515; x_wconf 86' lang='lat' dir='ltr'>potuit,</span> <span class='ocrx_word' id='word_1_213' title='bbox 1634 1462 1829 1515; x_wconf 87' lang='lat' dir='ltr'>poenitus</span> 
     </span>
     <span class='ocr_line' id='line_1_29' title="bbox 348 1515 1830 1571; baseline 0.001 -14"><span class='ocrx_word' id='word_1_214' title='bbox 348 1516 512 1557; x_wconf 88' lang='lat' dir='ltr'>cecidit.</span> <span class='ocrx_word' id='word_1_215' title='bbox 571 1516 713 1557; x_wconf 91' lang='lat' dir='ltr'>Leone</span> <span class='ocrx_word' id='word_1_216' title='bbox 744 1517 871 1571; x_wconf 81' lang='lat' dir='ltr'>igitur</span> <span class='ocrx_word' id='word_1_217' title='bbox 900 1515 1131 1568; x_wconf 69' lang='lat' dir='ltr'>interfeeto,</span> <span class='ocrx_word' id='word_1_218' title='bbox 1176 1516 1388 1557; x_wconf 86' lang='lat' dir='ltr'>Romanos</span> <span class='ocrx_word' id='word_1_219' title='bbox 1429 1517 1682 1557; x_wconf 86' lang='lat' dir='ltr'>seminecem</span> <span class='ocrx_word' id='word_1_220' title='bbox 1722 1532 1830 1558; x_wconf 88' lang='lat' dir='ltr'>asse-</span> 
     </span>
     <span class='ocr_line' id='line_1_30' title="bbox 349 1571 1830 1627; baseline 0.001 -16"><span class='ocrx_word' id='word_1_221' title='bbox 349 1571 486 1612; x_wconf 81' lang='lat' dir='ltr'>culam</span> <span class='ocrx_word' id='word_1_222' title='bbox 519 1587 642 1613; x_wconf 88' lang='grc'><strong>31111111</strong></span> <span class='ocrx_word' id='word_1_223' title='bbox 674 1571 760 1613; x_wconf 86' lang='grc'><strong>3010</strong></span> <span class='ocrx_word' id='word_1_224' title='bbox 792 1579 968 1613; x_wconf 85' lang='lat' dir='ltr'>stratum</span> <span class='ocrx_word' id='word_1_225' title='bbox 999 1572 1163 1613; x_wconf 88' lang='lat' dir='ltr'>eminus</span> <span class='ocrx_word' id='word_1_226' title='bbox 1193 1572 1313 1625; x_wconf 83' lang='lat' dir='ltr'>vidit,</span> <span class='ocrx_word' id='word_1_227' title='bbox 1345 1587 1469 1627; x_wconf 89' lang='lat' dir='ltr'>quem</span> <span class='ocrx_word' id='word_1_228' title='bbox 1493 1578 1533 1613; x_wconf 83' lang='lat' dir='ltr'>et</span> <span class='ocrx_word' id='word_1_229' title='bbox 1552 1586 1704 1613; x_wconf 84' lang='lat' dir='ltr'>vocare</span> <span class='ocrx_word' id='word_1_230' title='bbox 1724 1587 1830 1614; x_wconf 90' lang='lat' dir='ltr'>voce</span> 
     </span>
     <span class='ocr_line' id='line_1_31' title="bbox 347 1626 1829 1683; baseline 0 -15"><span class='ocrx_word' id='word_1_231' title='bbox 347 1629 553 1683; x_wconf 87' lang='lat' dir='ltr'>precipua</span> <span class='ocrx_word' id='word_1_232' title='bbox 583 1628 706 1683; x_wconf 84' lang='lat' dir='ltr'>cepit.</span> <span class='ocrx_word' id='word_1_233' title='bbox 782 1627 865 1668; x_wconf 80' lang='lat' dir='ltr'>Sed</span> <span class='ocrx_word' id='word_1_234' title='bbox 898 1642 995 1668; x_wconf 91' lang='lat' dir='ltr'>cum</span> <span class='ocrx_word' id='word_1_235' title='bbox 1024 1626 1187 1667; x_wconf 87' lang='lat' dir='ltr'>nullum</span> <span class='ocrx_word' id='word_1_236' title='bbox 1219 1628 1336 1668; x_wconf 84' lang='lat' dir='ltr'>daret</span> <span class='ocrx_word' id='word_1_237' title='bbox 1366 1628 1535 1669; x_wconf 89' lang='lat' dir='ltr'>omnino</span> <span class='ocrx_word' id='word_1_238' title='bbox 1566 1642 1829 1683; x_wconf 84' lang='lat' dir='ltr'>responsum,</span> 
     </span>
     <span class='ocr_line' id='line_1_32' title="bbox 346 1683 1830 1739; baseline 0.001 -16"><span class='ocrx_word' id='word_1_239' title='bbox 346 1684 480 1725; x_wconf 91' lang='lat' dir='ltr'>isdem</span> <span class='ocrx_word' id='word_1_240' title='bbox 530 1684 743 1725; x_wconf 85' lang='lat' dir='ltr'>Romanos</span> <span class='ocrx_word' id='word_1_241' title='bbox 792 1691 964 1739; x_wconf 89' lang='lat' dir='ltr'>propter</span> <span class='ocrx_word' id='word_1_242' title='bbox 1013 1698 1108 1724; x_wconf 90' lang='lat' dir='ltr'>eum</span> <span class='ocrx_word' id='word_1_243' title='bbox 1155 1683 1334 1736; x_wconf 83' lang='lat' dir='ltr'>adstitit,</span> <span class='ocrx_word' id='word_1_244' title='bbox 1395 1683 1588 1739; x_wconf 87' lang='lat' dir='ltr'>pedeque</span> <span class='ocrx_word' id='word_1_245' title='bbox 1637 1683 1830 1739; x_wconf 87' lang='lat' dir='ltr'>pulsans:</span> 
     </span>
     <span class='ocr_line' id='line_1_33' title="bbox 348 1738 1830 1795; baseline 0 -14"><span class='ocrx_word' id='word_1_246' title='bbox 348 1740 498 1795; x_wconf 52' lang='lat' dir='ltr'>‘tyana</span> <span class='ocrx_word' id='word_1_247' title='bbox 530 1755 652 1793; x_wconf 72' lang='grc' dir='ltr'><strong>ειπεν,</strong></span> <span class='ocrx_word' id='word_1_248' title='bbox 684 1739 804 1781; x_wconf 72' lang='grc' dir='ltr'><strong>ἄθλιε</strong></span> <span class='ocrx_word' id='word_1_249' title='bbox 836 1742 905 1780; x_wconf 77' lang='grc' dir='ltr'>καὶ</span> <span class='ocrx_word' id='word_1_250' title='bbox 933 1744 1149 1791; x_wconf 50' lang='lat' dir='ltr'>tutatione,</span> <span class='ocrx_word' id='word_1_251' title='bbox 1183 1755 1234 1791; x_wconf 86' lang='grc' dir='ltr'>μη</span> <span class='ocrx_word' id='word_1_252' title='bbox 1268 1743 1413 1795; x_wconf 68' lang='grc' dir='ltr'>φοβοῦ,</span> <span class='ocrx_word' id='word_1_253' title='bbox 1445 1740 1558 1793; x_wconf 79' lang='lat' dir='ltr'>egire</span> <span class='ocrx_word' id='word_1_254' title='bbox 1583 1740 1681 1794; x_wconf 85' lang='lat' dir='ltr'>ipen</span> <span class='ocrx_word' id='word_1_255' title='bbox 1704 1738 1830 1782; x_wconf 71' lang='lat' dir='ltr'>athlie</span> 
     </span>
     <span class='ocr_line' id='line_1_34' title="bbox 347 1794 1828 1850; baseline 0.001 -15"><span class='ocrx_word' id='word_1_256' title='bbox 347 1795 402 1836; x_wconf 89' lang='lat' dir='ltr'>ke</span> <span class='ocrx_word' id='word_1_257' title='bbox 423 1794 610 1850; x_wconf 79' lang='lat' dir='ltr'>talepore</span> <span class='ocrx_word' id='word_1_258' title='bbox 639 1796 725 1836; x_wconf 87' lang='lat' dir='ltr'>mic</span> <span class='ocrx_word' id='word_1_259' title='bbox 755 1794 878 1847; x_wconf 90' lang='lat' dir='ltr'>fobu&#39;,</span> <span class='ocrx_word' id='word_1_260' title='bbox 911 1795 954 1835; x_wconf 89' lang='lat' dir='ltr'>id</span> <span class='ocrx_word' id='word_1_261' title='bbox 985 1802 1047 1836; x_wconf 90' lang='lat' dir='ltr'>est</span> <span class='ocrx_word' id='word_1_262' title='bbox 1074 1797 1250 1849; x_wconf 60' lang='lat' dir='ltr'>‘5urge’,</span> <span class='ocrx_word' id='word_1_263' title='bbox 1283 1795 1389 1836; x_wconf 84' lang='lat' dir='ltr'>dixit</span> <span class='ocrx_word' id='word_1_264' title='bbox 1420 1796 1560 1836; x_wconf 76' lang='lat' dir='ltr'>‘miser</span> <span class='ocrx_word' id='word_1_265' title='bbox 1590 1795 1659 1836; x_wconf 85' lang='lat' dir='ltr'>etd</span> <span class='ocrx_word' id='word_1_266' title='bbox 1690 1796 1828 1848; x_wconf 90' lang='lat' dir='ltr'>miser,</span> 
     </span>
     <span class='ocr_line' id='line_1_35' title="bbox 345 1850 1829 1906; baseline 0.001 -15"><span class='ocrx_word' id='word_1_267' title='bbox 345 1851 430 1892; x_wconf 88' lang='lat' dir='ltr'>noli</span> <span class='ocrx_word' id='word_1_268' title='bbox 461 1850 639 1892; x_wconf 81' lang='lat' dir='ltr'>timere&#39;!</span> <span class='ocrx_word' id='word_1_269' title='bbox 700 1851 784 1903; x_wconf 73' lang='lat' dir='ltr'>Qui</span> <span class='ocrx_word' id='word_1_270' title='bbox 824 1865 1095 1905; x_wconf 85' lang='lat' dir='ltr'>consurgens,</span> <span class='ocrx_word' id='word_1_271' title='bbox 1135 1866 1209 1906; x_wconf 90' lang='lat' dir='ltr'>pre</span> <span class='ocrx_word' id='word_1_272' title='bbox 1240 1851 1527 1902; x_wconf 79' lang='lat' dir='ltr'>admiratione,</span> <span class='ocrx_word' id='word_1_273' title='bbox 1568 1850 1669 1891; x_wconf 90' lang='lat' dir='ltr'>dum</span> <span class='ocrx_word' id='word_1_274' title='bbox 1697 1850 1829 1892; x_wconf 87' lang='lat' dir='ltr'>leonis</span> 
     </span>
     <span class='ocr_line' id='line_1_36' title="bbox 347 1905 1830 1962; baseline 0.001 -16"><span class='ocrx_word' id='word_1_275' title='bbox 347 1907 649 1948; x_wconf 87' lang='lat' dir='ltr'>immanitatem</span> <span class='ocrx_word' id='word_1_276' title='bbox 681 1907 957 1962; x_wconf 87' lang='lat' dir='ltr'>conspiceret,</span> <span class='ocrx_word' id='word_1_277' title='bbox 989 1921 1072 1947; x_wconf 91' lang='lat' dir='ltr'>non</span> <span class='ocrx_word' id='word_1_278' title='bbox 1102 1905 1249 1948; x_wconf 86' lang='lat' dir='ltr'>habuit</span> <span class='ocrx_word' id='word_1_279' title='bbox 1271 1906 1380 1947; x_wconf 85' lang='lat' dir='ltr'>ultra</span> <span class='ocrx_word' id='word_1_280' title='bbox 1401 1907 1607 1961; x_wconf 88' lang='lat' dir='ltr'>spiritum.</span> <span class='ocrx_word' id='word_1_281' title='bbox 1638 1909 1830 1958; x_wconf 78' lang='grc' dir='ltr'><strong>Εξεπλισ-</strong></span> 
     </span>
     <span class='ocr_line' id='line_1_37' title="bbox 348 1962 1828 2019; baseline -0.001 -14"><span class='ocrx_word' id='word_1_282' title='bbox 348 1976 472 2005; x_wconf 67' lang='lat' dir='ltr'>corto</span> <span class='ocrx_word' id='word_1_283' title='bbox 505 1964 549 2004; x_wconf 78' lang='grc' dir='ltr'>δὲ</span> <span class='ocrx_word' id='word_1_284' title='bbox 580 1962 729 2012; x_wconf 73' lang='grc' dir='ltr'>πάντες</span> <span class='ocrx_word' id='word_1_285' title='bbox 772 1963 865 2019; x_wconf 71' lang='grc' dir='ltr'>πέρι</span> <span class='ocrx_word' id='word_1_286' title='bbox 900 1966 993 2003; x_wconf 70' lang='grc' dir='ltr'>τοῖ’“</span> <span class='ocrx_word' id='word_1_287' title='bbox 1036 1965 1220 2014; x_wconf 71' lang='grc' dir='ltr'>Ρομανοῖι</span> <span class='ocrx_word' id='word_1_288' title='bbox 1263 1963 1394 2003; x_wconf 82' lang='grc' dir='ltr'><strong>τάυτα</strong></span> <span class='ocrx_word' id='word_1_289' title='bbox 1431 1974 1693 2015; x_wconf 78' lang='grc' dir='ltr'>ακουσαντες,</span> <span class='ocrx_word' id='word_1_290' title='bbox 1735 1977 1828 2004; x_wconf 78' lang='lat' dir='ltr'>exe-</span> 
     </span>
     <span class='ocr_line' id='line_1_38' title="bbox 346 2018 1831 2074; baseline 0 -15"><span class='ocrx_word' id='word_1_291' title='bbox 346 2018 549 2074; x_wconf 87' lang='lat' dir='ltr'>plissonto</span> <span class='ocrx_word' id='word_1_292' title='bbox 581 2019 631 2059; x_wconf 88' lang='lat' dir='ltr'>de</span> <span class='ocrx_word' id='word_1_293' title='bbox 662 2025 809 2073; x_wconf 89' lang='lat' dir='ltr'>pantes</span> <span class='ocrx_word' id='word_1_294' title='bbox 840 2018 929 2073; x_wconf 91' lang='lat' dir='ltr'>peri</span> <span class='ocrx_word' id='word_1_295' title='bbox 960 2026 1006 2059; x_wconf 90' lang='lat' dir='ltr'>tu</span> <span class='ocrx_word' id='word_1_296' title='bbox 1035 2018 1229 2058; x_wconf 84' lang='lat' dir='ltr'>Romanu</span> <span class='ocrx_word' id='word_1_297' title='bbox 1259 2025 1375 2059; x_wconf 84' lang='lat' dir='ltr'>tauta</span> <span class='ocrx_word' id='word_1_298' title='bbox 1411 2024 1647 2070; x_wconf 83' lang='lat' dir='ltr'>acusantes,</span> <span class='ocrx_word' id='word_1_299' title='bbox 1686 2018 1730 2059; x_wconf 88' lang='lat' dir='ltr'>id</span> <span class='ocrx_word' id='word_1_300' title='bbox 1769 2024 1831 2060; x_wconf 88' lang='lat' dir='ltr'>est</span> 
     </span>
     <span class='ocr_line' id='line_1_39' title="bbox 349 2073 1829 2129; baseline -0.001 -13"><span class='ocrx_word' id='word_1_301' title='bbox 349 2074 575 2129; x_wconf 84' lang='lat' dir='ltr'>stupebant</span> <span class='ocrx_word' id='word_1_302' title='bbox 618 2081 760 2115; x_wconf 91' lang='lat' dir='ltr'>autem</span> <span class='ocrx_word' id='word_1_303' title='bbox 792 2088 936 2114; x_wconf 90' lang='lat' dir='ltr'>omnes</span> <span class='ocrx_word' id='word_1_304' title='bbox 974 2073 1025 2115; x_wconf 90' lang='lat' dir='ltr'>de</span> <span class='ocrx_word' id='word_1_305' title='bbox 1056 2074 1246 2114; x_wconf 85' lang='lat' dir='ltr'>Romano</span> <span class='ocrx_word' id='word_1_306' title='bbox 1287 2073 1364 2114; x_wconf 85' lang='lat' dir='ltr'>hec</span> <span class='ocrx_word' id='word_1_307' title='bbox 1404 2073 1635 2116; x_wconf 65' lang='lat' dir='ltr'>audientes</span> <span class='ocrx_word' id='word_1_308' title='bbox 1705 2074 1829 2115; x_wconf 90' lang='lat' dir='ltr'>Unde</span> 
     </span>
     <span class='ocr_line' id='line_1_40' title="bbox 346 2128 1853 2185; baseline 0 -14"><span class='ocrx_word' id='word_1_309' title='bbox 346 2131 505 2172; x_wconf 84' lang='lat' dir='ltr'>factum</span> <span class='ocrx_word' id='word_1_310' title='bbox 537 2138 610 2182; x_wconf 84' lang='lat' dir='ltr'>est,</span> <span class='ocrx_word' id='word_1_311' title='bbox 642 2136 689 2170; x_wconf 91' lang='lat' dir='ltr'>ut</span> <span class='ocrx_word' id='word_1_312' title='bbox 719 2136 803 2170; x_wconf 90' lang='lat' dir='ltr'>tam</span> <span class='ocrx_word' id='word_1_313' title='bbox 834 2144 910 2185; x_wconf 89' lang='lat' dir='ltr'>pro</span> <span class='ocrx_word' id='word_1_314' title='bbox 942 2130 1117 2171; x_wconf 87' lang='lat' dir='ltr'>caeteris</span> <span class='ocrx_word' id='word_1_315' title='bbox 1157 2144 1369 2185; x_wconf 86' lang='lat' dir='ltr'>quamque</span> <span class='ocrx_word' id='word_1_316' title='bbox 1409 2144 1486 2184; x_wconf 84' lang='lat' dir='ltr'>pro</span> <span class='ocrx_word' id='word_1_317' title='bbox 1516 2128 1706 2185; x_wconf 86' lang='lat' dir='ltr'>preclaro</span> <span class='ocrx_word' id='word_1_318' title='bbox 1737 2145 1853 2185; x_wconf 40' lang='lat' dir='ltr'>preq</span> 
     </span>
     <span class='ocr_line' id='line_1_41' title="bbox 347 2184 1853 2240; baseline -0.001 -12"><span class='ocrx_word' id='word_1_319' title='bbox 347 2187 453 2228; x_wconf 89' lang='lat' dir='ltr'>senti</span> <span class='ocrx_word' id='word_1_320' title='bbox 483 2186 563 2227; x_wconf 92' lang='lat' dir='ltr'>hoc</span> <span class='ocrx_word' id='word_1_321' title='bbox 592 2186 775 2226; x_wconf 87' lang='lat' dir='ltr'>facinore</span> <span class='ocrx_word' id='word_1_322' title='bbox 806 2200 891 2226; x_wconf 89' lang='lat' dir='ltr'>non</span> <span class='ocrx_word' id='word_1_323' title='bbox 921 2184 1051 2226; x_wconf 88' lang='lat' dir='ltr'>multo</span> <span class='ocrx_word' id='word_1_324' title='bbox 1081 2194 1177 2240; x_wconf 90' lang='lat' dir='ltr'>post</span> <span class='ocrx_word' id='word_1_325' title='bbox 1206 2200 1229 2225; x_wconf 89' lang='lat' dir='ltr'>a</span> <span class='ocrx_word' id='word_1_326' title='bbox 1259 2185 1401 2226; x_wconf 89' lang='lat' dir='ltr'>Leone</span> <span class='ocrx_word' id='word_1_327' title='bbox 1430 2186 1684 2240; x_wconf 86' lang='lat' dir='ltr'>imperatore</span> <span class='ocrx_word' id='word_1_328' title='bbox 1713 2191 1828 2226; x_wconf 86' lang='lat' dir='ltr'>tanto</span> <span class='ocrx_word' id='word_1_329' title='bbox 1852 2185 1853 2209; x_wconf 60' lang='lat'>¹</span> 
     </span>
     <span class='ocr_line' id='line_1_42' title="bbox 348 2240 1828 2296; baseline -0.001 -13"><span class='ocrx_word' id='word_1_330' title='bbox 348 2243 574 2284; x_wconf 86' lang='lat' dir='ltr'>donaretur</span> <span class='ocrx_word' id='word_1_331' title='bbox 603 2241 774 2294; x_wconf 84' lang='lat' dir='ltr'>honore,</span> <span class='ocrx_word' id='word_1_332' title='bbox 817 2256 928 2289; x_wconf 75' lang='grc' dir='ltr'>οπως</span> <span class='ocrx_word' id='word_1_333' title='bbox 970 2256 1104 2282; x_wconf 63' lang='lat' dir='ltr'>imvm</span> <span class='ocrx_word' id='word_1_334' title='bbox 1144 2244 1215 2282; x_wconf 80' lang='grc' dir='ltr'>τα*</span> <span class='ocrx_word' id='word_1_335' title='bbox 1258 2246 1394 2294; x_wconf 57' lang='lat' dir='ltr'>azotu,</span> <span class='ocrx_word' id='word_1_336' title='bbox 1436 2255 1538 2296; x_wconf 87' lang='lat' dir='ltr'>opos</span> <span class='ocrx_word' id='word_1_337' title='bbox 1573 2247 1702 2296; x_wconf 86' lang='lat' dir='ltr'>panta</span> <span class='ocrx_word' id='word_1_338' title='bbox 1730 2240 1828 2296; x_wconf 86' lang='lat' dir='ltr'>plia,</span> 
     </span>
     <span class='ocr_line' id='line_1_43' title="bbox 347 2297 1830 2351; baseline -0.001 -12"><span class='ocrx_word' id='word_1_339' title='bbox 347 2299 391 2339; x_wconf 88' lang='lat' dir='ltr'>id</span> <span class='ocrx_word' id='word_1_340' title='bbox 421 2306 484 2339; x_wconf 88' lang='lat' dir='ltr'>est</span> <span class='ocrx_word' id='word_1_341' title='bbox 512 2304 558 2339; x_wconf 92' lang='lat' dir='ltr'>ut</span> <span class='ocrx_word' id='word_1_342' title='bbox 589 2312 732 2338; x_wconf 89' lang='lat' dir='ltr'>omnes</span> <span class='ocrx_word' id='word_1_343' title='bbox 762 2312 893 2338; x_wconf 89' lang='lat' dir='ltr'>naves</span> <span class='ocrx_word' id='word_1_344' title='bbox 924 2298 966 2337; x_wconf 91' lang='lat' dir='ltr'>in</span> <span class='ocrx_word' id='word_1_345' title='bbox 995 2297 1189 2338; x_wconf 87' lang='lat' dir='ltr'>manibus</span> <span class='ocrx_word' id='word_1_346' title='bbox 1227 2303 1365 2338; x_wconf 90' lang='lat' dir='ltr'>essent</span> <span class='ocrx_word' id='word_1_347' title='bbox 1401 2297 1500 2349; x_wconf 86' lang='lat' dir='ltr'>suis,</span> <span class='ocrx_word' id='word_1_348' title='bbox 1537 2297 1709 2351; x_wconf 88' lang='lat' dir='ltr'>eiusque</span> <span class='ocrx_word' id='word_1_349' title='bbox 1747 2297 1830 2338; x_wconf 84' lang='lat' dir='ltr'>ius-</span> 
     </span>
     <span class='ocr_line' id='line_1_44' title="bbox 348 2353 824 2396; baseline -0.004 -1"><span class='ocrx_word' id='word_1_350' title='bbox 348 2354 536 2396; x_wconf 85' lang='lat' dir='ltr'>sionibus</span> <span class='ocrx_word' id='word_1_351' title='bbox 568 2353 824 2395; x_wconf 88' lang='lat' dir='ltr'>oboedirent.</span> 
     </span>
    </p>
   </div>
   <div class='ocr_carea' id='block_1_8' title="bbox 346 2419 1828 2588">
    <p class='ocr_par' dir='ltr' id='par_1_8' title="bbox 346 2419 1828 2588">
     <span class='ocr_line' id='line_1_45' title="bbox 458 2419 1828 2475; baseline -0.001 -13"><span class='ocrx_word' id='word_1_352' title='bbox 458 2422 524 2463; x_wconf 73' lang='grc'>26.</span> <span class='ocrx_word' id='word_1_353' title='bbox 583 2421 669 2462; x_wconf 88' lang='lat' dir='ltr'>Leo</span> <span class='ocrx_word' id='word_1_354' title='bbox 702 2420 895 2475; x_wconf 89' lang='lat' dir='ltr'>denique,</span> <span class='ocrx_word' id='word_1_355' title='bbox 929 2419 1163 2461; x_wconf 81' lang='lat' dir='ltr'>Grecorum</span> <span class='ocrx_word' id='word_1_356' title='bbox 1192 2420 1404 2475; x_wconf 89' lang='lat' dir='ltr'>piissimus</span> <span class='ocrx_word' id='word_1_357' title='bbox 1436 2420 1675 2475; x_wconf 85' lang='lat' dir='ltr'>imperator,</span> <span class='ocrx_word' id='word_1_358' title='bbox 1709 2420 1828 2460; x_wconf 89' lang='lat' dir='ltr'>cuius</span> 
     </span>
     <span class='ocr_line' id='line_1_46' title="bbox 346 2473 1827 2533; baseline -0.001 -15"><span class='ocrx_word' id='word_1_359' title='bbox 346 2492 472 2533; x_wconf 87' lang='lat' dir='ltr'>supra</span> <span class='ocrx_word' id='word_1_360' title='bbox 501 2477 677 2518; x_wconf 86' lang='lat' dir='ltr'>fecimus</span> <span class='ocrx_word' id='word_1_361' title='bbox 716 2476 983 2528; x_wconf 87' lang='lat' dir='ltr'>mentionem,</span> <span class='ocrx_word' id='word_1_362' title='bbox 1015 2475 1202 2531; x_wconf 84' lang='lat' dir='ltr'>corporis</span> <span class='ocrx_word' id='word_1_363' title='bbox 1233 2475 1403 2516; x_wconf 85' lang='lat' dir='ltr'>humani</span> <span class='ocrx_word' id='word_1_364' title='bbox 1440 2475 1629 2516; x_wconf 89' lang='lat' dir='ltr'>debitum</span> <span class='ocrx_word' id='word_1_365' title='bbox 1659 2473 1827 2516; x_wconf 87' lang='lat' dir='ltr'>solvens</span> 
     </span>
     <span class='ocr_line' id='line_1_47' title="bbox 346 2530 1828 2588; baseline -0.001 -15"><span class='ocrx_word' id='word_1_366' title='bbox 346 2534 542 2588; x_wconf 85' lang='lat' dir='ltr'>viamque</span> <span class='ocrx_word' id='word_1_367' title='bbox 590 2532 725 2573; x_wconf 88' lang='lat' dir='ltr'>carnis</span> <span class='ocrx_word' id='word_1_368' title='bbox 777 2532 996 2573; x_wconf 87' lang='lat' dir='ltr'>universae</span> <span class='ocrx_word' id='word_1_369' title='bbox 1047 2530 1299 2586; x_wconf 87' lang='lat' dir='ltr'>ingrediens,</span> <span class='ocrx_word' id='word_1_370' title='bbox 1350 2531 1469 2585; x_wconf 85' lang='lat' dir='ltr'>regni</span> <span class='ocrx_word' id='word_1_371' title='bbox 1518 2531 1583 2571; x_wconf 88' lang='lat' dir='ltr'>sui</span> <span class='ocrx_word' id='word_1_372' title='bbox 1631 2530 1828 2572; x_wconf 89' lang='lat' dir='ltr'>heredem</span> 
     </span>
    </p>
   </div>
   <div class='ocr_carea' id='block_1_9' title="bbox 348 2668 1729 2704">
    <p class='ocr_par' dir='ltr' id='par_1_9' title="bbox 348 2668 1729 2704">
     <span class='ocr_line' id='line_1_48' title="bbox 348 2668 1729 2704; baseline -0.002 -7"><span class='ocrx_word' id='word_1_373' title='bbox 348 2672 376 2704; x_wconf 81' lang='lat' dir='ltr'>a)</span> <span class='ocrx_word' id='word_1_374' title='bbox 400 2673 418 2696; x_wconf 82' lang='lat' dir='ltr'>i.</span> <span class='ocrx_word' id='word_1_375' title='bbox 442 2680 463 2696; x_wconf 88' lang='lat' dir='ltr'>e.</span> <span class='ocrx_word' id='word_1_376' title='bbox 486 2672 651 2697; x_wconf 62' lang='lat' dir='ltr'>iuncturas</span> <span class='ocrx_word' id='word_1_377' title='bbox 734 2670 764 2703; x_wconf 89' lang='lat' dir='ltr'>b)</span> <span class='ocrx_word' id='word_1_378' title='bbox 789 2671 927 2696; x_wconf 75' lang='lat' dir='ltr'>crucibus</span> <span class='ocrx_word' id='word_1_379' title='bbox 953 2672 978 2695; x_wconf 92' lang='lat'>1.</span> <span class='ocrx_word' id='word_1_380' title='bbox 1003 2672 1029 2695; x_wconf 72' lang='lat'>2.</span> <span class='ocrx_word' id='word_1_381' title='bbox 1113 2669 1139 2701; x_wconf 77' lang='grc'>(·)</span> <span class='ocrx_word' id='word_1_382' title='bbox 1163 2670 1203 2694; x_wconf 85' lang='lat' dir='ltr'>mi</span> <span class='ocrx_word' id='word_1_383' title='bbox 1226 2668 1297 2694; x_wconf 86' lang='lat' dir='ltr'>fobu</span> <span class='ocrx_word' id='word_1_384' title='bbox 1319 2669 1420 2693; x_wconf 75' lang='lat' dir='ltr'>desunt</span> <span class='ocrx_word' id='word_1_385' title='bbox 1444 2670 1468 2695; x_wconf 94' lang='lat'>1.</span> <span class='ocrx_word' id='word_1_386' title='bbox 1553 2668 1582 2701; x_wconf 88' lang='lat' dir='ltr'>d)</span> <span class='ocrx_word' id='word_1_387' title='bbox 1605 2669 1677 2694; x_wconf 77' lang='lat' dir='ltr'>dees!</span> <span class='ocrx_word' id='word_1_388' title='bbox 1701 2670 1729 2694; x_wconf 89' lang='lat'>1.</span> 
     </span>
    </p>
   </div>
   <div class='ocr_carea' id='block_1_10' title="bbox 351 2787 852 2829">
    <p class='ocr_par' dir='ltr' id='par_1_10' title="bbox 351 2787 852 2829">
     <span class='ocr_line' id='line_1_49' title="bbox 351 2787 852 2829; baseline 0 -10"><span class='ocrx_word' id='word_1_389' title='bbox 351 2787 386 2829; x_wconf 88' lang='lat'>1)</span> <span class='ocrx_word' id='word_1_390' title='bbox 413 2789 535 2821; x_wconf 83' lang='lat' dir='ltr'>Horat.</span> <span class='ocrx_word' id='word_1_391' title='bbox 565 2789 632 2822; x_wconf 85' lang='lat' dir='ltr'>Od.</span> <span class='ocrx_word' id='word_1_392' title='bbox 660 2789 729 2828; x_wconf 89' lang='grc' dir='ltr'>ΙΙΙ,</span> <span class='ocrx_word' id='word_1_393' title='bbox 757 2789 790 2820; x_wconf 90' lang='lat'>3.</span> <span class='ocrx_word' id='word_1_394' title='bbox 822 2790 852 2820; x_wconf 81' lang='lat'>7.</span> 
     </span>
    </p>
   </div>
  </div>
 </body>
</html>
