1878 3201
231 370 296 394 968.

145 406 228 439 Sept.
252 409 296 434 17.

162 2026 171 2036 ⁸
183 2035 213 2059 p.
227 2028 293 2053 3110.

312 246 379 276 160
670 246 972 278 LIUDPRANDI
998 247 1222 280 LEGATIO.
1276 248 1427 280 54—56.

423 355 518 397 ‘Sed
549 356 797 408 κωλυόμειά,
837 356 880 396 id
923 363 985 397 est
1018 356 1246 411 prohibita,
1286 365 1381 399 sunt
1409 357 1536 409 haec',
1576 357 1783 412 inquiunt.

313 411 381 451 ‘Et
411 426 507 451 011111
538 425 645 466 quae
684 412 834 451 asseris
870 412 1096 466 imperator
1134 412 1310 465 diceret,
1348 413 1399 454 de
1434 412 1586 453 talibus
1623 411 1782 465 saltem,

309 473 354 507 ut
374 467 615 517 somniares,
646 480 729 505 non
760 467 895 520 potuit
916 467 1117 520 cogitare,
1149 473 1195 508 ut
1224 468 1334 508 enim
1366 467 1535 520 divitiis,
1566 467 1784 521 sapientia,

306 523 363 562 ita
395 529 434 562 et
464 522 638 562 caeteris
668 520 906 561 nationibus
936 528 1123 576 prestare
1152 530 1266 563 veste
1298 522 1512 574 debemus,
1552 529 1597 563 ut
1628 523 1781 577 quibus

309 585 370 618 est
399 575 622 631 singularis
652 577 694 615 in
724 576 949 616 virtutibus
980 577 1128 630 gratia,
1160 578 1212 618 sit
1238 577 1462 632 singularis
1484 584 1524 619 et
1544 578 1585 617 in
1605 576 1785 632 pulchri-

307 632 452 674 tudine
481 632 632 672 vestis’.

419 689 484 727 55).
545 685 900 740 ‘Haudquaquam
947 686 1209 740 singularis',
1254 688 1452 741 inquam,
1498 687 1613 728 ‘haec
1657 687 1784 728 vestis

308 742 398 783 fieri
427 748 576 796 potest,
609 755 704 781 cum
735 756 862 795 penes
893 755 969 781 nos
1002 741 1213 783 obolariae
1243 743 1438 784 mulieres
1469 749 1509 783 et
1537 742 1785 797 mandroge-

308 805 475 838 rontes¹
507 796 570 836 his
601 797 795 836 utantur&

419 852 579 903 ‘Unde',
611 851 820 906 inquiunt,
850 850 1025 892 ‘vobis''?

421 907 472 947 ‘A
514 907 726 947 Veneticis
763 913 803 947 et
839 905 1102 948 Amelfitanis
1142 907 1428 960 institoribus',
1467 909 1653 963 inquam,
1697 907 1785 962 ‘qui

306 964 459 1003 nostris
477 978 530 1003 ex
545 961 811 1013 victualibus,
827 961 931 1002 haec
948 961 1118 1003 ferendo
1135 962 1270 1015 nobis,
1287 964 1415 1004 vitam
1432 964 1620 1003 nutriunt
1640 961 1783 1003 suam’.

417 1018 515 1059 ‘Sed
559 1032 628 1057 1101
685 1017 864 1072 amplius
908 1016 987 1057 1100
1035 1018 1223 1070 facient',
1274 1019 1402 1058 aiunt.
1462 1018 1785 1059 ‘Scrutabuntur

305 1073 440 1129 plane,
472 1081 511 1114 et
546 1073 579 1113 si
611 1073 712 1127 quid
742 1073 981 1113 huiusmodi
1012 1074 1228 1115 inventum
1258 1074 1393 1126 fuerit,
1423 1073 1666 1115 verberibus
1697 1088 1787 1114 cae-

308 1144 391 1181 sus,
424 1130 537 1169 crine
568 1134 726 1174 tonsus,
758 1143 916 1184 poenas
947 1128 1088 1170 da-bit’.

419 1183 740 1239 ‘Temporibus’,
772 1185 957 1239 inquam,
989 1183 1148 1226 ‘beatae
1178 1185 1405 1226 memoriae
1429 1184 1692 1226 Constantini
1711 1184 1786 1223 im-

306 1240 510 1296 peratoris
541 1241 624 1280 11110
654 1253 863 1291 veneram,
894 1254 978 1280 non
1010 1241 1246 1294 episcopus,
1279 1240 1352 1281 sed
1384 1239 1599 1292 diaconus,
1629 1253 1707 1280 nec
1732 1238 1785 1281 ab

305 1297 556 1350 imperatore
587 1302 658 1336 aut
688 1310 798 1349 rege,
830 1294 903 1335 sed
924 1309 949 1334 a
968 1295 1225 1350 Berengario
1256 1295 1496 1337 marchione
1526 1296 1677 1336 missus
1692 1302 1719 1347 ²,
1747 1299 1787 1335 et

307 1350 436 1392 multo
467 1350 589 1405 plura
618 1364 667 1390 ac
698 1351 943 1404 pretiosiora
973 1349 1099 1404 pallia
1135 1351 1230 1403 emi,
1269 1365 1376 1406 quae
1411 1365 1548 1405 neque
1590 1356 1785 1403 scrutata,

305 1421 383 1447 neo
413 1420 438 1446 a
469 1405 643 1447 Graecis
680 1406 783 1457 visa,
826 1419 903 1445 1160
942 1405 1115 1460 plumbo
1155 1413 1251 1447 sunt
1289 1408 1464 1461 signata.
1529 1405 1669 1457 Nunc,
1706 1404 1784 1446 deo

306 1462 543 1513 miserante,
582 1462 819 1516 episcopus,
857 1467 896 1501 et
937 1474 960 1500 a
996 1461 1230 1515 magnificis
1272 1461 1594 1516 imperatoribus
1631 1460 1786 1502 Ottone

307 1524 348 1558 et
376 1516 543 1568 Ottone,
574 1523 693 1571 patre
724 1522 763 1556 et
792 1515 890 1568 filio,
925 1516 1077 1557 missus
1106 1523 1223 1558 tanto
1253 1516 1505 1568 inhonestor,
1544 1523 1590 1558 ut
1617 1516 1786 1557 Veneti-

307 1587 454 1613 corum
483 1586 598 1612 more
638 1570 763 1625 pallia
801 1585 894 1611 mea
929 1578 1136 1624 notentur,
1181 1578 1222 1613 et
1261 1586 1369 1628 quae
1410 1572 1622 1627 quantivis
1662 1571 1786 1626 pretii

305 1628 513 1680 videntur,
544 1626 798 1678 auferantur,
829 1640 925 1667 011111
955 1627 998 1667 in
1029 1627 1230 1669 ecclesiae
1270 1628 1371 1668 mihi
1407 1628 1661 1668 commissae·
1684 1641 1786 1667 usus

305 1683 502 1725 ferantur.
560 1683 657 1723 Non
685 1681 825 1723 taedet
853 1696 928 1722 vos
960 1682 1305 1725 contumeliarum
1334 1697 1536 1735 mearum,
1566 1683 1693 1723 immo
1716 1681 1787 1723 do-

307 1740 516 1780 minorum
547 1752 749 1786 meorum,
779 1738 823 1777 in
844 1736 996 1792 quibus
1019 1738 1290 1780 contemnor?
1323 1737 1436 1794 quod
1457 1753 1549 1779 sum
1571 1729 1786 1779 custodiae

307 1795 499 1847 traditus,
542 1794 654 1848 quod
688 1793 798 1833 fame
839 1794 989 1848 sitique
1031 1795 1261 1846 cruciatus,
1308 1793 1422 1849 quod
1456 1808 1541 1834 non
1578 1793 1632 1834 ad
1670 1793 1785 1848 ipsos

306 1850 498 1901 redirem,
528 1849 747 1904 hucusque
768 1854 966 1900 retentus,
997 1850 1077 1889 nisi
1098 1851 1235 1902 etiam,
1257 1850 1311 1890 ad
1333 1848 1547 1890 cumulum
1570 1848 1786 1889 dedecoris

308 1920 466 1956 eorum,
497 1904 678 1958 propriis
709 1903 920 1959 exspolier
948 1903 1102 1944 rebus?
1159 1904 1332 1946 Auferte
1364 1904 1521 1955 saltem,
1554 1918 1661 1958 quae
1691 1911 1787 1945 sunt

308 1967 471 2016 empta,
503 1959 711 2008 dimittite,
743 1973 851 2014 quae
881 1966 976 2000 sunt
1005 1960 1115 2000 dono
1146 1960 1198 2001 ab
1229 1961 1375 2001 amicis
1406 1959 1583 2000 donata'.

420 2015 766 2067 *Constantimis’,
798 2015 1004 2069 inquiunt,
1036 2016 1286 2069 ‘imperator,
1317 2015 1442 2056 1101110
1473 2014 1614 2066 lenis3,
1644 2015 1687 2054 in
1715 2029 1787 2069 pa-

308 2071 406 2112 latio
437 2085 610 2111 manens
641 2077 858 2125 perpetuo,
889 2070 1129 2111 huiusmodi
1158 2071 1283 2112 rebus
1314 2071 1470 2111 amicas
1497 2070 1576 2111 sibi
1595 2069 1787 2110 nationes

309 2127 520 2178 effecerat,
565 2125 829 2180 Nicephorus
868 2140 968 2166 vero
1004 2124 1185 2167 basileus
1225 2125 1350 2167 homo
1390 2125 1603 2181 ταχύχειρ,
1642 2124 1686 2165 id
1725 2131 1788 2166 est

308 2181 480 2222 militiae
519 2180 703 2233 deditus,
740 2180 941 2235 palatium
973 2195 1049 2221 0611
1085 2188 1246 2236 pestem
1281 2180 1499 2233 abhorret,
1536 2188 1576 2222 et
1611 2187 1788 2221 vocatur

309 2252 332 2278 a
362 2237 484 2278 nobis
514 2251 646 2291 prope
673 2236 893 2277 simultatis
915 2242 1078 2277 amator
1097 2244 1223 2292 atque
1244 2242 1578 2292 argumentosus,
1609 2237 1683 2291 qui
1702 2249 1787 2276 non

308 2293 443 2348 pretio
474 2292 553 2332 sibi
583 2298 729 2346 gentes
759 2292 930 2344 amicas,
961 2292 1034 2333 sed
1064 2299 1221 2334 terrore
1251 2299 1292 2333 et
1319 2291 1460 2347 gladio
1489 2292 1570 2333 sibi
1597 2290 1786 2332 subditas

306 2349 418 2389 facit.
469 2346 623 2402 Atque,
654 2354 700 2388 ut
729 2361 972 2401 cognoseaS,
1004 2348 1149 2402 quanti
1170 2347 1360 2389 dominos
1381 2355 1475 2389 tuos
1496 2361 1616 2402 reges
1635 2346 1787 2388 habea-

308 2418 414 2455 mus,
447 2417 554 2457 quae
585 2402 681 2443 data
713 2409 808 2443 sunt
838 2402 988 2443 coloris
1018 2403 1270 2456 huiusmodi,
1306 2409 1346 2443 et
1386 2415 1492 2458 quae
1529 2406 1680 2457 empta,
1718 2402 1787 2443 via

308 2458 455 2500 eadem
485 2457 537 2498 ad
568 2472 643 2498 nos
673 2457 957 2499 revertentur'.

418 2514 483 2553 56.
542 2513 621 2553 His
667 2512 790 2554 dietis
834 2520 960 2568 atque
1005 2513 1236 2568 completis,
1280 2513 1588 2569 χρυσοβούλιον,
1633 2511 1676 2552 id
1722 2518 1785 2553 est

309 2568 527 2624 epistolam
563 2583 664 2609 auro
705 2569 905 2623 scriptam
946 2576 985 2610 et
1028 2569 1249 2623 signatam,
1287 2569 1389 2608 mihi
1419 2567 1635 2618 dederunt,
1665 2566 1787 2608 vobis

308 2624 588 2676 deferendam,
634 2624 707 2665 sed
751 2639 835 2665 non
878 2625 997 2665 vobis
1038 2624 1231 2679 dignam,
1276 2631 1322 2665 ut
1358 2638 1475 2664 mens
1512 2621 1645 2663 credit
1678 2637 1786 2663 mea.

308 2678 511 2721 Talorunt
539 2686 681 2720 autem
712 2686 753 2721 et
780 2679 882 2720 alias
912 2679 1070 2720 litteras
1099 2686 1273 2734 argento
1295 2680 1491 2734 signatas,
1522 2685 1648 2733 atque
1669 2677 1785 2719 dixe·

312 2774 347 2817 1)
365 2775 531 2806 Monachi
556 2775 666 2807 vetuli
685 2774 746 2818 (Ρ).
823 2776 857 2817 2)
877 2775 958 2807 Ant.
978 2776 1027 2808 VI
1055 2786 1084 2808 0.
1105 2777 1124 2806 3
1152 2786 1228 2817 sqq.
1305 2772 1344 2816 3)
1362 2774 1556 2816 Theophan
1588 2774 1717 2806 contin.
1736 2773 1787 2805 VI

311 2834 340 2855 c.
371 2824 432 2854 16:
461 2820 502 2855 ‘O
531 2821 568 2855 δὲ
596 2820 745 2867 ἐπιεικὴς
770 2823 825 2855 καὶ
853 2820 1001 2866 γαληνὸς
1028 2819 1221 2867 &eunome-33
1250 2833 1279 2855 c.
1308 2823 1372 2854 54:
1400 2818 1576 2866 προςηνὴς
1601 2823 1675 2861 τοῖς
1700 2819 1789 2854 πᾶσι

308 2871 362 2902 καὶ
391 2867 436 2910 ὡς
463 2867 504 2902 τὰ
530 2869 642 2904 πολλὰ
669 2869 786 2911 δειλός
814 2896 821 2904 .
850 2896 858 2904 .
885 2871 941 2904 καὶ
962 2874 1036 2912 τοῖς
1063 2868 1190 2917 δώροις
1208 2871 1264 2903 καὶ
1281 2873 1357 2910 ταῖς
1380 2866 1582 2915 ἀντιλήψεσι
1600 2865 1780 2909 πλούσιος.
