1878 3201
198 390 263 416 968.

117 718 193 744 Nov.
215 718 261 744 23.

115 878 191 904 Nov.
215 878 260 903 25.

127 1159 177 1191 'p.
191 1160 257 1186 361.

115 1434 190 1460 Nov.
214 1434 261 1459 30.

60 1485 130 1510 lsai.
147 1485 193 1517 28,
212 1484 259 1508 19.

279 264 345 295 162
641 264 941 297 LIUDPRANDI
969 265 1193 298 LEGATIO.
1246 265 1400 298 58-61.

276 374 451 428 toribus,
481 375 555 429 qui
583 374 853 429 Hydruntem
884 389 950 415 me
980 389 1055 429 per
1075 389 1188 416 mare
1216 375 1508 427 conducerent,
1541 388 1750 416 commen-

276 430 403 472 davit.
461 430 620 471 Verum
652 444 747 469 cum
778 428 972 481 entolina,
1002 429 1045 469 id
1075 437 1137 470 est
1164 437 1422 484 preceptum,
1452 431 1517 470 ius
1545 431 1751 484 captionis

275 502 299 527 a
330 485 592 527 Graecorum
622 483 883 539 principibus
913 498 997 524 non
1017 484 1230 536 haberent,
1261 484 1410 526 ubiubi
1431 485 1751 539 spernebantur3

276 557 354 583 nec
393 541 477 581 iam
515 554 590 580 nos
628 539 680 580 ab
716 539 841 593 ipsiS,
883 538 955 579 sed
994 539 1075 593 ipsi
1113 554 1137 580 a
1171 538 1293 580 nobis
1323 538 1552 580 alebantur.
1612 539 1751 591 Quam

276 611 400 651 saepe
430 595 532 635 illud
548 595 846 635 Terentianum
876 608 1043 634 1110011111
1074 594 1414 635 stomachabar1:
1446 595 1615 636 ‘Tutore
1646 610 1751 650 opus

277 658 350 704 est,
382 665 487 706 quos
517 649 755 690 defensores
785 648 932 702 paras'.

387 707 452 747 59.
496 705 629 758 Igitur
644 704 765 743 nonis
783 703 978 744 Calendis
995 704 1245 745 Decembris
1261 704 1529 758 Naupactum
1546 719 1752 759 egressus,

276 762 406 803 biduo
436 760 490 801 ad
513 758 760 801 Offidarima
790 757 995 799 Η11ν1111112
1026 773 1160 814 usque
1191 761 1375 814 perveni,
1406 760 1528 799 cumb
1559 761 1662 801 meis
1684 775 1750 801 co-

275 816 447 857 mitibus
476 830 560 855 non
589 815 631 854 in
660 812 874 865 naviculis,
906 828 1013 868 quae
1043 829 1114 855 eos
1146 828 1294 869 capere
1325 828 1408 854 non
1428 820 1633 869 poterant,
1654 816 1753 856 resi-

275 870 484 922 dentibus,
515 869 589 911 sed
619 882 738 910 secus
768 867 865 909 litus
904 868 1187 924 pergentibus.
1245 870 1377 910 Positi
1405 870 1547 925 itaque
1577 871 1621 910 in
1650 870 1752 912 Offi-

277 927 394 968 daric
439 925 624 976 flumine,
668 925 814 964 Patras
851 923 932 964 alio
973 926 1098 965 maris
1130 926 1173 964 in
1215 924 1347 976 litore,
1393 924 1537 966 decem
1578 932 1618 966 et
1657 932 1751 967 octo

275 981 509 1023 miliaribus
539 981 694 1021 distare
724 980 1035 1034 prospeximus.
1094 980 1231 1032 Quem
1262 979 1517 1035 apostolicae
1547 981 1753 1035 passionis

275 1036 427 1089 locum,
460 1036 532 1091 qui
563 1034 969 1089 Constantinopolim
999 1035 1263 1076 ascendendo
1301 1035 1575 1087 visitavimus,
1606 1035 1754 1076 adora-

275 1093 425 1144 vimus,
455 1106 566 1132 nunc
599 1104 696 1131 eum
732 1090 901 1130 visitare
932 1096 972 1131 et
1002 1090 1177 1131 adorare
1207 1116 1262 1121 —
1292 1091 1493 1132 confiteor
1530 1096 1752 1145 peccatum

275 1148 433 1189 meum!
465 1173 519 1177 -
549 1145 798 1186 distulimus.
858 1146 977 1186 Fecit
1006 1145 1096 1197 1100,
1137 1146 1295 1187 (101111111
1333 1147 1440 1187 *mei
1475 1146 1654 1201 augusti,
1691 1161 1752 1187 re-

273 1203 463 1244 vertendi
494 1201 549 1242 ad
578 1215 654 1241 vos
687 1208 726 1242 et
755 1200 926 1241 videndi
963 1200 1172 1242 ineffabile
1204 1201 1478 1253 desiderium,
1515 1208 1555 1242 et
1590 1201 1633 1241 ni
1673 1201 1753 1243 hoc

275 1257 411 1299 solum
442 1264 561 1309 esset,
593 1262 809 1311 perpetuo,
840 1262 886 1296 ut
914 1263 1030 1310 puto,
1061 1257 1269 1312 perierim.

386 1313 452 1354 60.
511 1311 723 1366 Pugnavit
753 1318 896 1351 contra
928 1326 994 1352 me
1023 1312 1279 1353 insensatum
1305 1317 1482 1363 auster3,
1514 1327 1628 1353 mare
1648 1310 1753 1352 fiati-

274 1368 353 1419 bus
383 1367 436 1408 ab
467 1368 561 1407 imis
591 1365 765 1407 turbans
796 1366 979 1407 sedibus.
1030 1366 1224 1422 Cumque
1253 1367 1332 1408 hoc
1363 1367 1570 1407 continuis
1601 1365 1751 1408 diebus

275 1437 324 1465 ac
354 1423 550 1464 noctibus
581 1420 750 1473 faceret,
780 1421 914 1476 pridie
947 1422 1153 1463 Calendas
1184 1422 1444 1475 Decembris,
1475 1423 1565 1476 ipso
1595 1421 1754 1463 scilicet

275 1478 482 1534 passionis
513 1478 580 1518 die
593 1484 622 1529 4,
653 1475 838 1517 intellexi
869 1491 962 1517 meo
993 1477 1095 1518 mihi
1116 1477 1194 1518 hoc
1216 1477 1419 1518 accidisse
1440 1476 1602 1518 delicto.
1654 1476 1753 1518 Sola

273 1533 444 1575 vexatio
474 1531 728 1574 intellectum
759 1532 875 1573 dedit
904 1531 1080 1574 auditui.
1138 1534 1291 1574 Fames
1332 1533 1488 1588 quippe
1518 1546 1594 1573 nos
1631 1532 1755 1573 vehe-

273 1595 434 1630 menter
465 1593 741 1643 oppresserat.
799 1587 954 1628 Terrae
990 1587 1164 1641 incolae,
1203 1594 1249 1628 ut
1286 1594 1428 1629 nostra
1462 1588 1584 1629 nobis
1621 1588 1754 1629 aufer-

271 1650 375 1697 rent,
398 1644 631 1684 interficere
652 1658 728 1683 nos
745 1643 1005 1697 cogitabant,
1027 1658 1154 1696 mare,
1171 1659 1223 1685 ne
1240 1643 1533 1698 effugeremus,
1554 1642 1754 1685 fiuctiBus

272 1700 502 1741 aestuabat.
552 1699 661 1739 Tum
691 1713 917 1739 conversus
944 1698 996 1739 ad
1018 1698 1251 1752 ecclesiam,
1273 1714 1400 1754 quam
1420 1698 1628 1751 videbam,
1648 1697 1754 1740 flens

273 1762 314 1797 et
343 1754 501 1796 eiulans
532 1755 725 1809 inquam:
768 1753 937 1795 ‘Sancte
967 1753 1138 1796 Andrea
1177 1754 1377 1810 apostole,
1420 1754 1752 1809 compiscatoris,

273 1811 492 1851 confratris
523 1817 564 1851 et
595 1808 826 1863 coapostoli
847 1809 907 1850 tui
933 1809 1115 1851 Simonis
1136 1811 1251 1851 Petri
1273 1825 1366 1851 sum
1387 1824 1548 1850 servus.
1588 1809 1753 1850 Passio-

271 1867 337 1906 nis
366 1872 463 1906 tuae
493 1865 633 1906 locum
662 1879 748 1905 non
767 1864 978 1917 abhorrui,
1009 1880 1086 1906 nec
1109 1866 1306 1921 superbia
1327 1864 1550 1917 decli11av13
1582 1865 1666 1906 urit
1685 1879 1753 1906 me

272 1921 443 1963 domum
471 1919 675 1962 redeundi
704 1919 934 1974 augustalis
975 1921 1102 1962 iussio
1116 1921 1146 1973 d,
1184 1920 1416 1975 augustalis
1446 1935 1574 1961 amor.
1635 1919 1682 1961 Si
1711 1926 1752 1961 te

271 1976 326 2017 ad
356 1976 686 2031 indignationem
718 1976 946 2016 commovit
974 1982 1197 2031 peccatum
1233 1991 1387 2028 meum,
1425 1974 1564 2016 eliciat
1593 1975 1646 2016 ad
1676 1977 1751 2015 mi-

273 2032 544 2073 sericordiam
574 2045 763 2071 meorum
792 2031 988 2072 meritum
1019 2038 1308 2087 augustorum.
1353 2032 1447 2072 Non
1468 2030 1610 2083 habes,
1635 2030 1751 2071 fratri

274 2087 387 2143 quod
427 2087 637 2138 conferas3
677 2086 817 2128 confer
856 2085 1126 2142 diligentibus
1165 2087 1334 2128 fratrem
1369 2086 1573 2140 augustis,
1612 2086 1753 2128 inhae-

271 2142 401 2184 rendo
433 2143 471 2183 ei
502 2142 574 2197 qui
605 2142 744 2182 omnia
773 2142 900 2182 novit.
949 2143 1071 2184 Nosti
1101 2150 1158 2195 tu,
1191 2149 1345 2198 quanto
1374 2141 1517 2183 labore
1538 2148 1578 2182 et
1599 2140 1752 2182 sudore

273 2198 525 2253 quantisque
568 2196 723 2252 vigiliis
763 2203 802 2238 et
848 2197 1047 2252 impensis
1084 2198 1318 2239 Romanam
1364 2197 1500 2238 fratris
1540 2197 1600 2237 tui
1637 2196 1751 2237 Petri

273 2252 452 2308 apostoli
491 2252 735 2305 ecclesiam,
773 2267 827 2293 ex
862 2253 1089 2308 impiorum
1125 2252 1320 2294 manibus
1355 2259 1564 2308 ereptam,
1594 2251 1751 2294 ditave-

272 2310 366 2361 rint,
396 2308 702 2360 honoraverint,
735 2307 1021 2361 exaltaverint,
1053 2316 1093 2350 et
1122 2310 1163 2349 in
1195 2316 1347 2350 statum
1378 2308 1595 2363 proprium
1626 2307 1751 2349 refor-

273 2365 491 2405 maverint.
558 2363 603 2405 Si
642 2377 735 2405 mea
776 2379 842 2405 me
885 2365 1137 2419 precipitant
1182 2379 1326 2419 opera,
1371 2365 1559 2418 ipsorum
1603 2362 1750 2403 saltem

271 2418 448 2460 liberent
477 2420 643 2472 merita,
676 2433 864 2475 quosque
893 2419 982 2460 vult
1010 2420 1224 2474 predictus
1255 2419 1337 2461 fide
1368 2427 1408 2460 ct
1438 2419 1640 2473 sanguine
1669 2417 1749 2458 fra-

272 2480 334 2516 ter
365 2483 474 2528 tuus,
504 2473 789 2530 apostolorum
812 2475 1008 2530 princeps
1030 2474 1245 2530 apostolus
1265 2476 1427 2526 Petrus,
1448 2475 1492 2514 in
1512 2473 1603 2513 aliis
1624 2472 1751 2514 rebus

272 2530 457 2584 gaudere
487 2537 528 2571 et
552 2532 802 2586 prosperari,
834 2531 875 2569 in
896 2530 987 2583 hac,
1019 2531 1061 2571 id
1082 2537 1143 2572 est
1163 2531 1205 2571 in
1227 2545 1305 2582 me,
1338 2544 1461 2584 quem
1482 2529 1565 2583 ipsi
1586 2527 1749 2570 direxe-

272 2592 376 2638 rant,
407 2586 578 2626 minime
609 2585 874 2626 contristari'!

384 2642 450 2682 61.
509 2642 604 2681 Νο11
643 2648 716 2693 est,
755 2640 912 2681 domini
954 2642 1034 2681 mei
1070 2642 1239 2695 augusti
1277 2641 1561 2695 imperatoreS,
1601 2652 1749 2679 verum

274 2723 301 2756 a)
322 2725 360 2750 αἰ.
383 2724 551 2755 Ophidarin
575 2726 602 2749 C.
697 2724 727 2756 b)
752 2728 781 2749 ut
805 2727 833 2748 ζ’.
858 2732 924 2749 cum
949 2725 1020 2748 “lie-s.
1112 2724 1138 2756 c)
1163 2724 1297 2749 offidaro
1321 2726 1348 2747 ζ’.
1437 2723 1466 2755 (l)
1492 2724 1528 2746 ira
1552 2723 1748 2752 rorriaendum

274 2763 428 2788 videbatur.
451 2763 528 2788 visio
550 2763 578 2787 C.

276 2835 311 2879 1)
338 2837 427 2870 Eun.
455 2838 515 2878 IV,
544 2838 574 2878 6,
611 2839 668 2870 32.
769 2840 807 2881 2)
835 2838 1018 2879 Quondam
1052 2840 1209 2878 Euenus,
1246 2849 1337 2870 1111110
1373 2837 1527 2870 Phidari.
1628 2834 1666 2878 3)
1694 2835 1750 2869 Of.

275 2885 355 2927 Sap.
385 2886 418 2926 5,
447 2886 503 2918 21.
604 2886 643 2928 4)
670 2887 738 2919 Die
768 2887 803 2920 S.
830 2887 1005 2919 Andreae.
