1902 3200
433 239 729 272 LIUDPRANDI
757 238 978 271 LEGATIO.
1033 240 1134 269 1—2.
1450 243 1515 273 137

50 365 190 392 meum
219 365 302 392 non
333 350 607 405 susceperitis,
648 348 752 389 ratio
783 348 1043 402 subsequens
1079 347 1317 390 declarabit.
1376 351 1515 393 Pridie
1531 365 1593 391 968.

48 405 190 447 Nonas
226 406 335 448 Iunii
374 403 779 459 Constantinopolim
816 403 1022 455 venimus,
1061 410 1101 444 et
1136 403 1189 443 ad
1220 404 1636 446 001111111101ἰ11111ΜΠ·”1

47 467 228 502 vestram
250 461 425 514 turpiter
445 460 642 515 suscepti,
672 459 856 515 graviter
884 459 1143 514 turpiterque
1165 473 1308 499 sumus
1330 462 1513 514 tractati,

47 516 202 572 palatio
230 516 403 571 >quidem
434 516 533 557 satis
563 529 716 570 magno
756 522 797 556 et
826 519 983 569 aperto,
1025 513 1136 568 quod
1174 528 1252 555 nec
1290 514 1422 570 frigus
1453 530 1514 556 ar-

48 581 172 624 ceret,
213 571 320 612 sicut
359 586 437 612 nec
477 570 658 612 calorem
697 569 927 625 repelleret,
971 569 1121 609 inclusi
1162 584 1327 623 sumusg
1367 572 1515 613 armati

45 626 196 668 milites
233 627 414 682 appositi
456 634 551 668 sunt
587 625 793 678 custodes,
838 625 909 680 qui
947 624 1050 665 meis
1090 624 1283 666 omnibus
1314 626 1516 680 exituma,

45 682 217 723 caeteris
246 681 516 738 prohiberent
543 683 790 737 ingressum.
856 680 1021 721 Domus
1057 680 1149 735 ipsa
1179 679 1275 721 solis
1304 680 1425 722 nobis
1456 682 1516 722 in-

46 736 171 778 clusis
207 739 365 793 pervia,
406 753 429 778 a
459 737 614 793 palatio
652 736 756 778 adeo
793 742 1063 791 sequestrata,
1102 743 1147 777 ut
1186 751 1234 777 eo
1271 737 1392 777 nobis
1432 752 1515 778 non

45 807 66 834 e
99 793 341 845 uitantibus,
363 793 436 835 sed
456 791 779 843 ambulantibus,
801 791 1006 833 anhelitus
1027 798 1302 833 truncaretur.
1323 792 1518 834 Accessit

44 807 98 888 ad
129 847 404 890 calamitatem
436 855 633 900 nostram,
675 846 788 903 quod
830 846 1090 888 Graecorum
1121 848 1266 888 vinum
1311 846 1364 888 ob
1394 848 1515 903 picis,

42 903 201 957 taedae,
231 905 356 960 gypsi
387 905 725 945 commixtionem
756 902 876 943 nobis
916 902 1160 958 impotabile
1198 902 1290 944 fuit.
1349 903 1514 944 Domus

42 959 135 1014 ipsa
165 968 252 1001 erat
280 961 520 1015 inaquosa1,
561 973 638 1000 nec
669 960 779 1000 sitim
810 958 954 999 saltem
992 972 1099 1013 aqua
1138 960 1383 1013 extinguere
1425 960 1514 1014 qui-

42 1015 192 1067 vimus,
240 1030 366 1070 quam
404 1016 502 1056 data
541 1015 721 1071 pecunia
760 1028 1003 1056 emeremus.
1075 1013 1188 1054 Huic
1226 1028 1380 1069 magno
1422 1030 1511 1065 vae,

41 1084 120 1111 vae
149 1070 263 1112 aliud
292 1072 530 1126 appositum
561 1078 635 1123 est,
666 1071 790 1111 homo
821 1069 1104 1109 scili...orumb
1137 1077 1289 1121 custos,
1322 1071 1392 1125 qui
1415 1072 1513 1111 coti-

41 1124 187 1166 dianos
217 1134 406 1181 sumptus
424 1125 641 1181 preberet,
672 1126 739 1165 cui
770 1124 947 1165 similem
978 1125 1011 1164 si
1042 1125 1244 1179 requiras,
1280 1139 1364 1165 non
1402 1132 1513 1166 terra

41 1180 114 1222 sed
154 1180 340 1223 infernus
383 1181 523 1222 forsan
574 1181 708 1233 dabit,
757 1181 792 1220 is
836 1180 947 1221 enim
998 1180 1200 1236 quicquid
1250 1179 1511 1234 calamitatis,

41 1236 243 1293 quicquid
272 1237 458 1293 rapinae,
489 1236 691 1292 quicquid
721 1235 942 1291 dispendii,
988 1236 1188 1291 quicquid
1218 1235 1368 1287 luctus,
1399 1238 1514 1292 quic-

41 1292 141 1347 quid
171 1293 363 1335 miseriae
399 1293 638 1348 excogitare
676 1292 825 1347 potuit,
870 1292 990 1346 quasi
1028 1298 1189 1333 torrens
1229 1292 1438 1333 inundans
1469 1294 1512 1334 in

39 1362 114 1389 nos
145 1347 302 1389 effudit.
361 1349 449 1389 Nec
478 1349 522 1388 in
552 1354 719 1389 centum
749 1348 901 1402 viginti
931 1346 1079 1388 diebus
1115 1361 1199 1388 una
1239 1347 1383 1390 saltem
1420 1364 1513 1405 pre-

39 1404 162 1456 teriit,
194 1418 300 1459 quae
330 1418 413 1445 non
443 1405 624 1460 gemitus
653 1402 775 1444 nobis
803 1402 997 1458 preberet
1027 1410 1067 1444 et
1096 1403 1246 1444 luctus.

148 1460 185 1500 2.
215 1459 357 1501 Pridie
387 1459 528 1500 Nonas
558 1459 682 1511 Iunii,
713 1466 759 1500 ut
789 1459 980 1514 superius
1012 1460 1267 1514 scripsimus,
1307 1459 1511 1501 Constan—

38 1513 256 1570 tinopolim
297 1523 392 1557 ante
429 1522 594 1570 portam
635 1529 800 1555 caream
844 1515 1056 1566 venimus,
1097 1522 1137 1556 et
1173 1529 1305 1570 usque
1344 1516 1398 1556 ad
1437 1532 1510 1557 un-

40 1569 246 1611 decimam
267 1570 413 1612 horam
436 1585 531 1612 cum
553 1571 685 1626 equis,
706 1585 789 1611 non
810 1570 976 1610 modica
997 1570 1155 1626 pluvia,
1178 1572 1511 1625 expectavimus.

42 1625 272 1667 Undecima
300 1641 400 1668 vero
430 1626 532 1668 hora
561 1641 645 1667 non
673 1634 787 1667 ratus
817 1625 1097 1681 Nicephorus,
1127 1640 1203 1667 nos
1233 1627 1383 1682 dignos
1420 1643 1510 1669 esse

38 1687 122 1722 tam
165 1689 331 1723 ornatos
366 1690 505 1724 vestra
544 1682 829 1723 misericordia
869 1682 1067 1737 equitare,
1111 1683 1254 1723 venire
1294 1683 1427 1735 iussit,
1470 1691 1513 1725 et

38 1752 171 1792 usque
200 1738 243 1778 in
272 1737 475 1793 prefatam
508 1738 679 1779 domum
708 1751 997 1789 marmoream,
1027 1738 1217 1791 invisam,
1248 1739 1508 1794 inaquosam,

36 1792 224 1848 patulam
255 1808 400 1835 sumus
428 1793 619 1847 deducti3
652 1801 800 1834 octavo
828 1800 968 1834 autem
995 1793 1125 1833 Idusc
1148 1793 1350 1835 sabbatho
1372 1795 1508 1848 primo

37 1848 198 1889 dierum
229 1856 511 1904 pentecostes,
549 1857 644 1890 ante
683 1849 822 1890 fratris
860 1849 948 1889 eius
986 1848 1140 1890 Leonis
1179 1849 1438 1904 coropalatid
1470 1857 1510 1892 et

35 1903 297 1959 logothetae²
327 1905 581 1960 presentiam
613 1919 703 1945 sum
729 1903 947 1955 deductus,
978 1904 1051 1946 ubi
1074 1905 1124 1946 de
1145 1904 1351 1960 imperiali
1371 1913 1510 1947 vestro

35 1960 204 2001 nomine
233 1975 386 2016 magna
416 1975 562 2002 sumus
601 1960 867 2002 contentione
906 1959 1080 2015 fatigati.
1148 1961 1245 2015 Ipse
1284 1961 1394 2002 enim
1433 1975 1510 2002 vos

35 2030 120 2056 non
148 2016 455 2072 imperatorem,
485 2016 527 2057 id
559 2027 621 2058 est
651 2016 834 2071 βασιλέα,
866 2030 940 2056 sua
964 2015 1120 2071 lingua,
1152 2016 1225 2057 sed
1247 2016 1299 2058 ob
1320 2017 1511 2072 indigna-

35 2071 191 2115 tionem
223 2074 337 2127 ῥῆγα,
368 2071 411 2113 id
442 2080 504 2114 est
530 2087 687 2128 regem,
717 2079 859 2113 nostra
889 2071 1070 2114 vocabat
1083 2079 1110 2112 ³.
1171 2072 1251 2114 Cui
1282 2087 1378 2113 cum
1400 2073 1509 2114 dice-

35 2142 136 2181 rem,
170 2128 282 2183 quod
322 2128 584 2183 significatur
620 2128 730 2169 idem
769 2142 871 2180 esse,
913 2128 1106 2183 quamvis
1150 2128 1262 2184 quod
1301 2128 1511 2184 significat

36 2182 263 2237 diversum,
292 2198 372 2237 me,
403 2184 472 2238 ait,
501 2198 586 2224 non
614 2183 731 2238 pacis
763 2183 835 2224 sed
866 2184 1140 2225 contentionis
1172 2198 1299 2224 causa
1318 2185 1507 2237 venisse3

35 2239 180 2294 sicque
217 2240 346 2281 iratus
383 2254 570 2294 surgens,
607 2246 769 2280 vestras
806 2238 974 2290 litteras,
1012 2254 1109 2280 vere
1147 2240 1384 2294 indignans,
1423 2255 1507 2281 non

34 2309 110 2350 per
140 2309 182 2336 se
215 2295 287 2336 sed
316 2310 392 2351 per
420 2295 686 2350 interpretem
719 2296 916 2350 suscepit,
946 2295 1070 2336 homo
1096 2296 1188 2350 ipse
1208 2296 1262 2337 ad
1282 2310 1506 2351 personam

34 2351 134 2392 satis
177 2365 390 2406 procerus,
434 2350 537 2391 falso
580 2349 761 2403 humilis,
808 2351 874 2391 cui
920 2351 953 2391 si
997 2351 1157 2392 innisus
1202 2351 1326 2393 homo
1370 2351 1505 2405 fuerit,

34 2420 204 2447 manum
235 2407 323 2448 eius
353 2405 593 2462 perforabit.
1519 2413 1590 2439 Isai-
1614 2413 1666 2446 36,
1689 2414 1718 2439 6·

144 2461 182 2502 3.
215 2462 403 2518 Septimo
433 2469 573 2503 autem
603 2461 704 2503 Idus
717 2468 746 2514 θ,
784 2462 876 2517 ipso
906 2461 1104 2503 videlicet
1135 2470 1276 2503 sancto
1308 2462 1376 2504 die
1407 2477 1505 2518 pen·
1519 2477 1588 2501 1un.
1613 2477 1639 2501 7.

35 2550 63 2584 a)
84 2552 210 2577 exitium
227 2552 253 2578 Ο.
316 2551 345 2583 b)
370 2552 531 2578 Sciliorum
547 2552 583 2578 αἶ.
599 2551 772 2577 Siciliorum
791 2551 817 2577 C.
833 2551 962 2582 sorssasse
977 2552 1135 2583 leffendum:
1157 2551 1245 2575 homo
1263 2552 1377 2575 scilicet
1394 2554 1507 2575 nostro-

34 2598 100 2616 rum
124 2591 313 2623 momorum?
335 2592 440 2616 horum
454 2591 478 2623 ?)
502 2595 610 2616 custos.
693 2591 719 2616 c)
742 2591 772 2615 id
793 2593 836 2615 est
858 2591 884 2616 C.
967 2590 996 2622 d)
1021 2591 1168 2621 coroplati
1192 2590 1218 2614 C.
1241 2597 1346 2621 semper
1370 2604 1401 2609 —-
1421 2590 1506 2614 Guro-

30 2631 131 2662 palula
157 2648 162 2654 .
186 2630 298 2662 Coripp.
321 2631 365 2657 lib.
389 2631 414 2657 2.
428 2630 528 2661 sactus
550 2638 612 2655 mon:
633 2637 702 2655 cura
721 2630 824 2661 palati.
849 2630 882 2654 Et
904 2629 949 2654 lib.
974 2631 1000 2654 1.
1030 2630 1172 2654 Vocz'tatus
1193 2636 1261 2653 cura
1277 2629 1368 2660 palati
1385 2628 1505 2654 CANIS.

35 2668 64 2701 e)
87 2669 116 2694 id
138 2673 182 2694 est
204 2669 231 2694 C.

37 2731 72 2776 1)
102 2732 156 2765 Cf.
181 2732 270 2764 iufra
298 2743 326 2765 c.
355 2731 399 2765 57
426 2744 460 2764 v.
489 2733 520 2765 5.
622 2730 658 2765 2}
685 2732 872 2774 Postquam
900 2732 1118 2774 Nicephorus
1155 2741 1315 2763 coronam
1349 2732 1505 2774 suscepit

34 2782 191 2814 Leonem
218 2781 358 2814 fratrem
393 2792 491 2814 suum
521 2781 759 2823 curopalatem
788 2784 822 2812 et
848 2781 1050 2822 magistrum
1079 2779 1282 2812 declaravit.
1383 2779 1421 2822 3)
1448 2780 1502 2812 Cf.

37 2830 79 2862 de
106 2830 212 2863 simili
240 2831 461 2862 contentione
488 2829 668 2862 Ludowici
696 2829 746 2861 11.
774 2830 993 2871 imperatoris
1022 2828 1205 2871 epistolam
1232 2827 1365 2861 Basilio
1393 2829 1501 2871 scrip-

34 2883 104 2911 tam
131 2880 167 2911 in
195 2878 360 2911 Chronici
389 2878 600 2911 Salernitani
627 2889 703 2921 cap.
732 2877 812 2909 106.
