1902 3200
224 201 894 236 LIUDPRANDI'ANTAPODOSIS.
946 202 1039 233 LIB.
1067 203 1095 234 1.
1151 203 1302 237 18--21,
1465 208 1507 238 15

30 315 279 369 Italiamque
324 313 487 354 concite
532 313 774 366 ingressus,
821 310 1113 352 Cammerinos
1158 322 1283 367 atquc
1334 313 1508 368 Spoleti-

30 385 106 412 nos
135 367 388 409 fiducialiter
417 376 463 408 ut
491 368 752 422 propinquos
773 367 874 420 adit,
907 367 1152 421 Bcrengarii
1174 371 1299 408 etiam
1321 369 1509 423 partibus

29 425 229 476 faventes,
259 431 305 464 ut
324 422 474 463 infidos
495 423 769 478 pecuniarum
797 423 932 478 gratia
952 422 1157 478 adquiritg
1189 423 1332 478 itaque
1354 423 1509 465 Beren-

29 480 144 537 gario
174 477 329 521 bellum
359 485 492 532 parat.

143 534 206 575 18.
251 533 397 589 Copiis
440 534 621 588 denique
666 541 841 587 utraque
886 548 939 574 ex
979 542 1096 588 parte
1142 532 1347 585 collectis,
1392 534 1510 574 iuxta
1525 544 1588 570 Ssu-

30 589 206 632 fluvium
228 588 428 641 Triviam,
460 589 531 644 qui
564 589 749 644 quinque
766 588 979 630 Placentia
1009 588 1197 628 miliariis
1228 596 1355 640 extat,
1388 589 1510 630 civile

28 652 257 701 preparant
287 644 456 686 bellum.
516 644 566 684 In
597 659 678 699 quo
711 659 807 685 011111
837 643 1026 699 partibus
1068 658 1121 684 ex
1162 645 1350 698 utrisque
1393 644 1510 685 cade-

30 708 122 742 rent
151 699 283 752 multi,
314 700 596 755 Berengarius
632 701 776 755 fugam
816 700 948 755 petiit,
991 699 1250 754 triumphum
1282 699 1409 741 Wido
1441 701 1511 741 ob-

28 755 164 798 tinuit.

143 810 206 850 19.
251 810 339 851 Nec
379 825 507 862 mora,
553 810 701 852 dicbus
741 811 996 865 interpositis
1036 811 1195 865 paucis,
1242 809 1508 852 multitudine
1524 819 1588 845 888-

30 866 310 921 Berengarius
351 865 537 917 collecta,
578 866 619 905 in
659 866 828 907 Brixiae
868 865 1092 908 latissimos
1133 881 1302 921 campos
1340 866 1511 907 widoni

30 920 186 964 bellum
216 928 456 976 preparat1.
515 921 598 962 Ubi
633 936 728 962 011111
759 922 944 962 maxima
967 930 1128 976 strages
1150 922 1278 974 ficret,
1300 921 1398 976 fuga
1422 937 1511 963 sese

30 977 311 1030 Ber-engarius
339 976 546 1018 liberavit.

142 1032 208 1072 20.
255 1031 343 1071 13111
374 1046 472 1072 vero
504 1032 796 1085 Bcrengarius,
829 1046 924 1072 011111
949 1031 1121 1074 Widoni
1150 1032 1344 1072 resistcre
1375 1033 1512 1086 copia-
1527 1039 1580 1074 (7.)

29 1102 123 1129 rum
163 1087 374 1141 paucitate
414 1087 619 1141 nequiret,
663 1087 1020 1140 potentissimum,
1067 1101 1191 1141 quem
1232 1086 1532 1142 predixi1nus,·

30 1141 283 1184 Arnulfuma
312 1151 456 1196 regem
485 1143 528 1181 in
559 1141 765 1182 auxilium
795 1150 928 1197 rogat,
963 1143 1223 1197 promittens,
1254 1156 1299 1182 se
1331 1157 1513 1197 suosque

31 1199 120 1241 eius
141 1197 354 1253 potentiae
377 1197 615 1248 servituros,
639 1198 673 1237 si
693 1198 859 1238 virtutis
882 1212 982 1238 suae
999 1197 1268 1238 amminiculo
1285 1197 1511 1239 XVidonem

32 1259 249 1308 superaret
278 1267 540 1307 regnumque
573 1252 653 1293 sibi
679 1252 875 1294 Italicum
905 1253 1159 1294 vendicaret.
1218 1253 1357 1293 Huius
1387 1253 1511 1309 plane
1527 1264 1591 1289 893-

30 1317 170 1351 tantae
200 1309 490 1364 promissionis
519 1309 655 1363 gratia
685 1309 844 1349 accitus
874 1323 949 1349 rex
979 1308 1194 1361 Arnulfus,
1226 1307 1357 1349 filium
1389 1324 1511 1350 suum

32 1363 365 1417 Centebaldum,
412 1378 538 1419 quem
584 1379 638 1404 ex
683 1364 917 1406 concubina
960 1372 1185 1420 genuerat,
1229 1363 1369 1405 valido
1414 1380 1511 1406 cum

31 1420 219 1462 exercitu
248 1418 373 1460 huius
394 1420 438 1459 in
458 1418 662 1460 auxilium
695 1419 838 1475 dirigit
852 1427 879 1472 2,
910 1428 1198 1475 veneruntque
1221 1421 1378 1475 pariter
1398 1421 1511 1461 omni

31 1475 107 1517 sub
139 1475 349 1517 celeritate
371 1476 560 1530 Papiam.
619 1475 747 1517 Wido
778 1490 876 1516 vero
907 1477 965 1517 ita.
994 1475 1212 1516 fluviolum
1243 1476 1314 1531 qui
1334 1476 1511 1530 Papiam

30 1545 113 1572 uno
145 1545 199 1571 ex
228 1529 356 1572 latere
386 1529 515 1583 alluit,
546 1530 815 1572 Vernavolab
847 1532 1029 1584 nomine,
1061 1540 1145 1572 tam
1178 1531 1352 1572 sudibus
1385 1546 1510 1587 quain

29 1587 219 1629 exercitu
248 1587 474 1638 munierat,
517 1587 712 1641 quatinus
742 1585 872 1628 altera
910 1586 1095 1639 alteram,
1137 1587 1230 1642 ipso
1262 1586 1399 1628 medio
1431 1587 1511 1628 dis-

29 1649 234 1694 currente,
265 1653 362 1695 pars
392 1648 555 1696 partem
587 1656 832 1697 oppugnare
862 1643 1066 1698 nequiret.

140 1697 206 1738 21.
251 1697 372 1738 Unus
403 1705 445 1738 et
473 1697 704 1752 vigesimus
735 1697 824 1738 dies
864 1698 947 1738 iam
988 1698 1221 1750 transierat,
1263 1712 1361 1738 cum
1402 1698 1511 1740 sicut

30 1752 215 1794 diximus
245 1751 375 1794 altera
404 1767 502 1807 pars
536 1752 709 1794 alteram
749 1767 900 1794 nocere
940 1767 1024 1793 non
1064 1760 1226 1807 posset3
1268 1760 1309 1794 et
1346 1753 1511 1807 Bagoa-

0 1803 1 1826 1
29 1809 185 1850 riorum
215 1822 323 1849 unus
354 1807 525 1849 cottidie
546 1808 786 1863 agminibus
809 1807 1071 1863 exprobrans
1093 1807 1307 1860 Italorum,
1339 1807 1511 1849 inbelles

30 1878 100 1906 eos
130 1871 257 1919 atque
279 1863 495 1919 equitandi
522 1864 676 1904 inscios
699 1862 954 1905 clamitabat.
1002 1863 1070 1904 Ad
1091 1871 1364 1918 augmentum
1386 1864 1512 1904 etiam

30 1919 247 1961 dedecoris
278 1933 349 1960 eos
371 1919 480 1961 inter
503 1918 693 1975 prosiliit,
725 1918 974 1975 hastamque
995 1920 1069 1959 uni
1090 1919 1142 1960 de
1163 1934 1291 1960 manu
1313 1920 1510 1972 excussit,

31 1975 174 2031 sicque
215 1974 322 2017 letus
362 1975 404 2014 in
444 1989 614 2016 suorum
655 1982 791 2016 castra
828 1975 1058 2030 repedavit.
1118 1974 1341 2016 Hubaldus
1384 1975 1513 2029 igitur

29 2030 238 2072 Bonefatii
277 2037 410 2086 pater,
452 2031 523 2086 qui
563 2037 659 2086 post
698 2038 888 2086 tempore
928 2038 1070 2072 nostro
1113 2030 1432 2072 Camerinorum
1473 2038 1513 2072 ct

31 2085 344 2142 Spoletinorum
385 2087 524 2128 extitit
562 2086 791 2139 11131011103,
837 2094 1000 2128 tantum
1040 2087 1176 2140 gentis
1207 2101 1306 2128 suae
1338 2087 1511 2142 cupiens

30 2141 211 2183 dedecus
257 2141 486 2194 vindicare,
532 2140 667 2197 clipeo
712 2150 913 2197 accepto,
963 2142 1153 2197 predicto
1199 2156 1299 2183 mox
1342 2141 1512 2183 obviam

29 2197 236 2253 Bagoario
268 2196 413 2238 tendit.
458 2199 500 2239 Is
530 2205 669 2239 autem
701 2198 903 2254 triumphi
933 2198 1121 2253 preteriti
1150 2212 1235 2238 non
1265 2196 1399 2238 solum
1429 2212 1512 2237 non

29 2253 261 2306 immemor,
294 2252 368 2294 sed
398 2267 446 2294 eo
478 2253 615 2294 factus
645 2252 837 2294 audatior
859 2251 944 2294 *eeu
975 2269 996 2294 e
1026 2254 1203 2294 victoria
1221 2254 1305 2293 iam
1327 2267 1511 2305 securus,

29 2308 140 2349 hune
183 2314 329 2350 contra
372 2317 571 2363 properat
614 2309 759 2349 laetus.
831 2308 1040 2365 Cepitque
1084 2307 1320 2350 vertibilem
1358 2322 1511 2363 equum

29 2363 155 2405 modo
186 2365 347 2420 impetu
376 2363 614 2405 vehementi
644 2364 865 2417 dimittere,
908 2365 1061 2406 strictis
1092 2364 1217 2405 modo
1247 2364 1421 2405 habenis
1452 2378 1512 2404 rc-

29 2419 204 2461 trahere.
275 2418 535 2461 Memoratus
579 2434 679 2461 vero
710 2419 934 2461 Hubaldus
979 2426 1094 2461 recta
1139 2434 1184 2460 se
1229 2420 1341 2475 cepit
1384 2418 1511 2460 adire.

32 2538 60 2571 a)
84 2539 286 2564 arnulfulfum
311 2541 335 2564 1.
359 2539 470 2564 duabus
490 2539 581 2564 lineis.
663 2538 693 2571 b)
716 2540 918 2565 uernavolum
941 2540 993 2566 5a.
1017 2537 1081 2565 521⁸.

33 2636 69 2679 1)
96 2638 209 2670 Priori
234 2638 368 2680 proelio
392 2638 485 2681 apud
505 2639 660 2670 Brixiam
678 2649 798 2680 regem
819 2643 1003 2680 utrumque
1024 2639 1223 2671 decertasse
1242 2638 1512 2678 Berengarium—

32 2695 98 2728 que
117 2687 300 2718 victoriam
320 2691 517 2729 reportasse
538 2687 810 2729 Erehempertus
830 2686 877 2728 (sc.
898 2686 960 2729 82)
980 2686 1084 2719 fidem
1103 2687 1199 2718 facit.
1283 2684 1322 2727 2)
1350 2685 1403 2718 Cf.
1422 2687 1510 2717 Anu.

30 2733 214 2766 Alamann.
234 2735 323 2766 893:
342 2735 530 2767 Alamanni
548 2736 584 2767 in
603 2735 762 2775 Italiam3
783 2736 894 2767 Gesta
913 2736 1120 2777 Berengarii
1138 2735 1220 2776 imp.
1240 2735 1308 2774 111,
1326 2745 1359 2765 v.
1383 2733 1511 2764 1—44.

30 2782 183 2862 insumi}
197 2784 434 2862 Beregiggarius
461 2785 529 2815 iam
557 2794 648 2816 anno
677 2782 745 2814 888
766 2788 913 2815 exeunte
934 2783 1136 2825 homagium
1155 2781 1321 2815 reddidit.
1398 2782 1436 2824 3)
1456 2781 1509 2814 Cf.

29 2840 64 2862 m
81 2841 120 2863 ra
188 2855 195 2871 ‚
223 2842 252 2863 0.
331 2855 338 2863 .
