1845 3209
187 280 250 305 939.

181 944 252 977 (ιι.)

80 1166 130 1191 Ps.
146 1164 193 1196 33,
209 1165 254 1190 17.

126 1561 172 1594 'p.
188 1562 253 1588 322.

60 2332 87 2356 2.
104 2330 173 2357 Cor.
188 2331 256 2364 5,1.

268 153 311 184 90
461 152 760 184 LIUDPRANDI
787 153 1130 187 ANTAPODOSIS.
1183 154 1364 188 LIB.1V.
1417 156 1569 188 23-24.

268 276 387 303 secus
421 261 704 304 Gislebertum
735 278 758 304 a
788 264 898 318 regis
929 263 1011 304 fide
1033 265 1250 319 seiungere
1272 264 1414 319 valuit,
1448 266 1581 308 donec
1602 281 1746 322 regem

268 333 364 359 eun]
400 333 444 359 se
487 317 694 359 factm·mn
733 319 938 373 promisit.
1009 318 1269 362 Gislebertus
1313 327 1453 362 autem
1499 322 1746 363 Heinricum

268 374 345 414 hac
376 381 464 415 arte
495 374 690 428 decipere
720 373 865 426 voluit,
898 380 943 415 ut
974 373 1076 414 dum
1106 388 1181 415 suo
1212 375 1420 418 adiutorio
1441 391 1585 432 regem
1606 377 1747 419 devin-

269 435 399 481 ceret,
450 430 590 482 ipsum
638 428 888 482 deponeret,
946 429 1110 484 sibique
1160 431 1279 485 regni
1327 431 1478 473 solium
1529 432 1745 474 obtineret.

267 484 427 525 Verum
457 484 755 525 Haeverardus
795 482 919 537 longe
949 483 1069 525 aliter
1099 484 1372 540 disposuerat.
1439 486 1583 530 Voluit
1623 488 1746 542 enim,

267 541 302 580 si
332 554 474 594 regem
512 545 655 594 posset
695 538 931 591 devincere,
967 547 1168 594 utrosque
1208 556 1338 595 regno
1378 543 1544 597 privare
1583 542 1747 598 sibique

267 609 484 649 usurpare,
516 593 873 649 quemadmodum
904 609 958 635 ex
988 594 1129 636 verbis
1160 596 1305 650 ipsius,
1344 611 1450 652 quae
1480 597 1605 653 paulo
1635 606 1748 640 ante-

268 665 396 705 quam
416 657 650 690 moreretur
680 651 804 690 uxori
835 664 935 690 suae
957 650 1077 702 dixit,
1110 651 1301 692 conicere
1323 666 1561 707 possumus.
1608 654 1748 706 Quam

268 706 369 746 dum
399 705 559 747 foveret
588 706 631 745 in
661 706 771 746 sinu:
803 705 1078 758 ‘Iucundare’,
1108 706 1257 760 inquit,
1294 708 1349 747 ‘in
1379 709 1539 763 gremio
1570 709 1748 761 comitis,

268 760 387 802 brevi
427 760 629 802 laetatm'a
667 760 710 800 in
752 760 1019 815 amplexibus
1055 761 1190 816 regis⁷.
1259 763 1384 814 Quod
1423 778 1508 804 non
1547 765 1603 805 ita
1643 765 1751 806 acci-

270 815 380 857 disse
421 823 461 857 et
497 816 763 872 iniquitatem
803 816 882 857 sibi
921 817 1138 859 mentitam
1178 832 1280 869 esse,
1326 823 1554 873 tempestas
1595 820 1751 861 indicat

268 886 454 927 presens.

381 928 446 968 24.
505 926 653 982 Igitur,
694 934 740 968 ut
778 927 929 982 prefati
975 943 1141 981 sumus,
1187 928 1430 970 huiusmodi
1473 930 1750 985 promissione

269 984 478 1024 animatus
508 984 636 1024 immo
668 982 882 1038 deceptus,
915 982 1088 1025 collecto
1133 984 1331 1036 exercitu,
1373 999 1471 1026 cum
1512 984 1750 1027 Gisleberto

268 1040 425 1095 pariter
454 1044 580 1094 atque
611 1038 858 1079 Heverardo
889 1039 980 1094 regi
1006 1045 1233 1095 preparant
1252 1038 1422 1081 bellum.
1469 1040 1585 1093 Quos
1607 1048 1751 1083 contra

268 1110 345 1136 rex
374 1100 573 1150 properat
602 1093 747 1145 laetus,
779 1108 863 1135 non
894 1109 1038 1135 eorum
1078 1094 1344 1137 multitudine
1375 1097 1556 1147 territus,
1597 1096 1671 1138 sed
1701 1096 1752 1138 de

269 1151 336 1192 dei
367 1151 522 1205 pietate
554 1149 749 1190 confisus.
821 1149 906 1191 Sed
943 1158 988 1191 ut
1018 1151 1139 1202 scias,
1178 1165 1305 1206 quam
1344 1151 1466 1192 facile
1502 1158 1563 1193 est
1601 1151 1678 1194 deo
1708 1153 1753 1192 in

269 1207 415 1262 paucis
446 1205 587 1260 plures
618 1206 800 1257 vincere,
841 1212 881 1248 et
911 1206 1025 1261 quod
1056 1207 1280 1262 quisquam
1311 1207 1354 1247 in
1384 1207 1642 1249 abundantia
1671 1208 1752 1248 vir-

271 1262 370 1303 tutis
393 1275 493 1302 suae
516 1275 599 1302 non
620 1260 862 1313 salvabitur,
894 1261 994 1302 audi
1026 1262 1245 1316 antiquum
1267 1276 1291 1302 a
1313 1262 1482 1304 domino
1503 1270 1753 1305 renovatum

270 1315 532 1358 miraculum.
591 1316 720 1371 Regis
751 1315 904 1358 milites
936 1332 1063 1372 supra
1084 1318 1280 1358 Rhenum
1309 1318 1363 1359 ad
1383 1317 1524 1359 locum
1544 1318 1751 1360 vocabulo

270 1372 492 1413 Bierzuni¹
526 1378 816 1427 pervenerant,
857 1372 1078 1427 Rhenique
1117 1372 1283 1414 alveum
1313 1374 1489 1415 transire
1520 1374 1603 1414 iam
1633 1389 1753 1429 cepe-

271 1435 375 1480 rant,
421 1428 702 1482 ignorantesa,
750 1426 864 1483 quod
903 1427 1129 1469 Heinricus
1176 1443 1274 1468 cum
1312 1429 1482 1483 prefatis
1526 1430 1750 1471 comitibus

270 1490 385 1524 tanta
426 1484 484 1524 eis
524 1483 740 1524 vicinitate
781 1490 889 1524 esset
919 1483 1003 1523 iam
1034 1484 1267 1538 proximus.
1333 1485 1543 1539 Perpauci
1572 1485 1753 1540 denique

271 1555 292 1580 e
323 1538 501 1580 navibus
533 1539 703 1593 egressi,
735 1539 809 1579 vix
839 1553 970 1594 equos
1001 1539 1248 1580 *ascendere
1279 1553 1452 1595 seseque
1482 1541 1609 1581 armis
1637 1540 1753 1582 indui

269 1602 474 1651 poterant,
507 1609 603 1635 cum
634 1594 1021 1650 prenominatorum
1050 1594 1237 1650 legiones
1273 1609 1356 1636 non
1386 1596 1633 1637 nuntiantur
1661 1609 1753 1651 pro-

270 1656 477 1706 perantes,
509 1649 583 1691 sed
621 1651 776 1691 intuitu
811 1650 902 1705 ipso
941 1658 1170 1692 cernuntur
1209 1658 1437 1705 presentes.
1495 1650 1589 1692 Tali
1625 1652 1755 1707 igitur

271 1721 362 1748 sese
394 1713 491 1747 sunt
521 1713 666 1747 mutuo
699 1720 890 1747 sermone
920 1706 1125 1761 adgressi:
1176 1706 1394 1748 ‘Fluminis
1424 1706 1562 1760 huius,
1593 1713 1639 1748 ut
1668 1722 1753 1749 cer—

270 1763 381 1814 nitis,
427 1761 674 1817 magnitudo
721 1762 857 1802 socios
902 1769 1066 1803 nostros
1115 1761 1236 1803 nobis
1287 1777 1542 1814 succurrere,
1591 1777 1752 1818 nosque

271 1818 410 1871 etiam,
457 1818 649 1873 quamvis
693 1816 894 1870 volentes,
939 1816 1008 1858 illo
1056 1818 1191 1859 redire
1230 1832 1315 1858 non
1357 1819 1475 1871 sinit,
1524 1833 1601 1860 nec
1646 1817 1753 1859 clam

269 1872 391 1914 nobis
422 1881 495 1925 est,
528 1887 657 1928 quam
686 1872 912 1914 ridiculum
952 1874 1104 1915 nostris
1143 1874 1365 1929 presertim
1402 1875 1454 1915 sit
1490 1874 1752 1927 nacionibus,

269 1929 396 1970 fortes
435 1930 547 1970 viros
588 1943 632 1970 se
670 1928 858 1970 ostibusb
898 1928 1063 1970 tradere
1105 1935 1144 1970 et
1182 1944 1266 1970 non
1305 1929 1536 1971 resistendo
1574 1936 1752 1971 mortem

269 1985 430 2040 fugere,
460 1985 678 2039 vitamque
710 1985 975 2040 sempiternis
1008 1984 1246 2040 obpropriis
1278 1999 1535 2040 comparare.
1595 1985 1752 2037 Quam-

271 2054 400 2096 quam
444 2040 556 2081 enim
600 2038 818 2093 evadendi,
866 2054 973 2095 quae
1017 2054 1337 2096 nonnumquam
1386 2039 1576 2082 hostibus
1622 2041 1753 2093 obest,

271 2095 410 2137 oblata
455 2095 693 2151 desperatio
739 2102 779 2137 et
819 2095 1086 2151 supplicandi
1131 2097 1434 2151 sempiternum
1479 2097 1753 2152 obproprium

270 2151 491 2207 pugnandi
521 2150 644 2192 nobis
675 2150 876 2192 fiduciam
906 2158 1111 2207 prestent:
1153 2167 1201 2193 ea
1241 2157 1382 2193 tamen
1419 2158 1492 2205 est,
1532 2166 1640 2207 quae
1677 2166 1752 2193 nos

270 2208 503 2262 presertim,
534 2207 724 2248 veritatis
756 2207 914 2249 scilicet
943 2221 993 2248 ac
1023 2208 1222 2260 iustitiae,
1264 2222 1392 2249 causa
1422 2222 1612 2263 pugnare
1644 2221 1754 2249 com-

269 2262 398 2318 pellit.
459 2262 505 2304 Si
536 2263 646 2304 enim
676 2264 882 2304 terrestris
912 2263 1063 2304 domus
1092 2270 1235 2305 nostra
1263 2263 1496 2305 resistendo
1523 2263 1753 2305 iniustitiae

271 2318 536 2371 dissolvatur,
567 2325 781 2360 aeternam
811 2333 895 2359 non
924 2333 1054 2360 manu
1074 2319 1230 2360 factam
1250 2319 1504 2374 recipiemus
1535 2320 1578 2359 in
1600 2318 1751 2360 caclis'.

271 2374 349 2415 His
378 2375 521 2429 itaque
543 2374 664 2416 dictis
686 2375 865 2426 accensi,
897 2373 1036 2416 hostes
1062 2375 1171 2416 inter
1191 2389 1318 2415 cursu
1338 2376 1502 2430 prepeti
1521 2381 1751 2416 transeunt.

269 2430 363 2472 Rex
404 2429 586 2485 denique
626 2436 785 2471 tantam
827 2444 999 2470 suorum
1040 2431 1317 2472 constantiam
1356 2444 1441 2470 non
1481 2430 1569 2471 sine
1606 2429 1751 2471 divino

270 2486 498 2526 instinctuc
543 2499 634 2526 esse
673 2485 957 2537 considerans,
999 2487 1212 2541 quoniam,
1253 2485 1412 2526 fluviod
1452 2485 1750 2538 intercedente,

269 2540 477 2596 corporali
517 2541 727 2596 presentia
768 2541 994 2583 subvenire
1034 2543 1120 2583 suis
1162 2556 1246 2582 non
1285 2547 1462 2595 poterat,
1506 2540 1749 2583 recordatus

267 2596 416 2652 populi
446 2596 619 2648 domini,
650 2597 723 2651 qui
753 2604 1036 2652 repugnantes
1067 2597 1148 2639 sibi
1174 2596 1457 2638 Amalechitas
1490 2596 1749 2638 orationibus

269 2704 297 2737 a)
321 2706 517 2736 ingnorantes
543 2706 568 2730 1.
650 2704 680 2737 b)
706 2706 725 2730 i.
747 2713 768 2730 e.
793 2705 939 2731 hostibus.
1021 2705 1047 2736 c)
1071 2706 1228 2730 intstinctu
1253 2706 1277 2729 1.
1360 2705 1390 2737 d)
1414 2705 1485 2730 fluio
1510 2706 1534 2731 1.

274 2790 309 2835 1)
336 2792 468 2832 Birten,
497 2792 539 2824 cf.
567 2792 760 2836 Reginonis
790 2795 922 2827 contin.
942 2804 973 2825 a.
995 2793 1075 2833 939,
1104 2792 1313 2825 widukind.
1342 2793 1379 2825 II
1411 2803 1440 2825 c,
1472 2793 1530 2832 11;
1555 2793 1612 2825 111
1640 2803 1669 2825 c.
1692 2793 1750 2826 16.
