1837 3209
279 273 312 304 X
746 271 1019 303 PRAEFATIO
1047 270 1284 303 EDITORIS.

281 380 607 436 stantinopolim
628 381 839 431 directus',
865 380 1113 422 Cremonam
1136 380 1322 434 amplius
1338 381 1457 421 haud
1474 387 1531 420 est
1550 393 1756 422 reversus.

281 437 540 491 Supremum
571 437 708 491 iqitur
747 435 856 476 diem
888 441 963 475 aut
995 436 1039 475 in
1072 434 1281 486 Graecia,
1321 441 1396 475 aut
1436 433 1627 477 adduct'a
1667 437 1757 476 'iani

285 493 564 546 Theophanu,
598 493 642 532 in
674 490 808 531 Italia
830 490 1057 544 prioribus
1094 491 1308 531 mensibus
1340 491 1449 531 anni
1478 490 1573 543 972,
1604 491 1758 532 obiisse

280 548 463 588 videtur.
535 546 648 588 Certe
684 545 798 586 Iulio
837 560 975 586 mense
1015 546 1202 586 eiusdem
1243 546 1352 585 anni
1391 546 1441 586 de
1480 547 1607 587 terris
1646 547 1759 586 inter
1807 590 1816 595 ‚v

282 603 488 643 Adduam
510 607 546 641 et
574 601 729 652 Olium,
752 615 861 655 quas
881 600 1202 654 Liudprandus
1225 606 1351 640 antea
1371 601 1625 652 detinuerat,
1648 602 1761 641 inter

281 658 481 699 ecclesias
519 657 844 711 Berqomensem
883 662 919 695 et
956 655 1269 710 Aquileiensem
1307 656 1458 696 iterum
1495 662 1761 696 contractum

284 719 385 764 est1,
417 712 491 752 secl
520 727 613 752 cum
644 711 706 752 vibi
737 711 934 751 ‘domnus
954 711 1101 752 Liuso’
1130 725 1216 751 non
1242 725 1339 751 vero
1362 711 1604 765 ‘quondam'
1625 711 1760 751 Liuso

284 770 512 822 episcopus
538 767 831 809 Cremonensis
859 766 1055 806 ecclesiae
1087 766 1314 816 scribatur,
1343 772 1380 806 et
1400 766 1512 806 liunc
1533 768 1761 807 terminum

284 837 588 878 superqressus
618 836 703 862 esse
734 822 899 862 censeri
921 827 1088 875 posset,·
1119 821 1240 861 haud
1270 835 1366 861 vero
1388 820 1524 874 longse,
1555 836 1648 861 cum
1671 823 1761 862 iam

285 879 354 919 die
392 879 430 918 ἶ).
462 878 619 917 Martii
656 879 767 917 anni
803 876 884 917 973
922 891 1138 917 successor
1176 878 1267 916 eius
1309 877 1352 916 in
1387 875 1562 916 ecclesia
1597 875 1759 917 Cremo-

286 934 423 983 nensi,
472 932 696 972 Oldericus
736 933 974 986 episcopus‘,
1016 947 1110 972 cum
1139 930 1336 972 Alberico
1368 932 1552 986 quodam
1583 945 1762 972 commu-

282 989 485 1029 tationem
513 988 719 1028 bonorum
736 987 896 1042 fecerit
910 995 937 1027 2.

138 1048 180 1082 ’1³
205 1049 269 1074 268·
396 1043 546 1084 *Obiit
588 1043 723 1098 iqitur
771 1045 886 1083 intra
937 1043 1339 1097 quinquaqesimum
1379 1048 1416 1081 et
1450 1044 1763 1096 seoeaqesimum

287 1100 440 1139 aetatis
479 1113 662 1148 imnum,
705 1100 773 1139 vir
813 1099 1011 1153 inssenio,
1051 1098 1311 1150 eruditione,
1351 1096 1612 1152 eloquentia,
1658 1095 1760 1148 loco,

284 1155 492 1194 historiae
524 1154 593 1194 sui
622 1155 822 1207 temporis
852 1153 1102 1194 scribendae
1141 1153 1252 1193 velut
1288 1159 1429 1193 natus.
1521 1153 1636 1193 ⁷¹num
1673 1158 1765 1192 erat

285 1209 400 1264 quod
432 1209 602 1249 veritati
632 1208 798 1263 officere
829 1210 1050 1263 potuisset,
1090 1209 1304 1249 vehemens
1334 1209 1535 1262 partium
1573 1207 1765 1247 studium

284 1271 321 1305 et
360 1264 504 1305 odium
543 1264 833 1319 Berengsarii7·
880 1266 951 1305 cui
986 1271 1127 1304 tamen
1165 1265 1307 1304 minus
1349 1278 1477 1318 quam
1517 1268 1766 1316 speraretur

286 1319 497 1360 obnoscius
524 1318 646 1373 fuit,
688 1319 802 1374 quod
842 1320 966 1374 reqni
1004 1320 1270 1373 Berengsarii
1308 1325 1345 1359 et
1391 1318 1541 1359 Wittae
1586 1318 1767 1358 nonnisi

275 1375 511 1429 principia
541 1381 578 1413 et
607 1380 795 1415 esctrema
827 1376 993 1429 attiqit5
1026 1381 1062 1414 et
1092 1375 1302 1414 iudicium
1335 1375 1580 1414 universum
1602 1373 1652 1414 de
1673 1387 1764 1414 sae-

283 1431 391 1470 vitia
422 1436 459 1469 et
487 1430 721 1484 tyrannide
751 1445 893 1470 eorum
925 1431 1060 1470 latum
1092 1445 1119 1469 a
1150 1429 1433 1483 scriptoribus
1453 1429 1564 1482 fidei
1592 1429 1766 1469 minime

282 1491 530 1538 suspectae,
582 1485 857 1537 Hrotsuitlza,
913 1485 1178 1526 Widukimlo
1228 1485 1424 1538 aliisque,
1473 1484 1765 1536 confirmatur.

282 1540 432 1593 Neque
466 1541 509 1580 in
541 1539 747 1579 laudibus
770 1542 956 1593 patroni.
987 1541 1058 1580 sui
1085 1540 1251 1580 Ottonis
1273 1540 1321 1590 I„
1346 1541 1495 1592 patris
1516 1541 1608 1580 eius
1630 1539 1763 1579 Hein—

282 1596 379 1645 rici,
420 1601 507 1635 tum
538 1594 781 1647 Mcalzttdis,
821 1595 1023 1635 Heinrici
1059 1596 1198 1646 ducis,
1239 1595 1466 1635 Brunonis
1501 1601 1539 1633 et
1575 1593 1766 1646 Liuclotfi

282 1651 527 1691 veritatem-³
558 1651 747 1690 eoecessit.
798 1651 915 1691 Idem
948 1651 997 1691 de
1028 1651 1212 1691 historia
1234 1650 1445 1690 Iohannis
1466 1649 1578 1700 XII„
1609 1649 1765 1690 Leonis

293 1706 406 1746 VIII.
449 1711 485 1745 et
523 1705 749 1746 Benedicti
789 1707 1031 1759 antipapae
1072 1706 1249 1755 disceris,
1292 1706 1379 1745 nisi
1417 1719 1559 1745 eorum
1589 1719 1764 1745 numero

283 1761 475 1801 adscribi
506 1760 619 1811 velis,
651 1761 727 1815 qui
757 1776 851 1801 cum
873 1762 1072 1801 Baronio
1104 1776 1205 1800 vera
1219 1775 1334 1814 prae
1355 1761 1497 1815 gyratis
1520 1774 1762 1813 aspernan-

281 1822 365 1856 tur.
425 1816 567 1856 onres
599 1816 720 1856 haud
751 1817 925 1856 omnino
960 1822 1098 1856 castos
1134 1831 1206 1856 nec
1249 1817 1501 1869 compositos
1541 1814 1764 1869 effrenata

282 1886 598 1925 nonnunquam
639 1871 856 1911 scribendi
893 1870 1067 1912 licentia
1108 1877 1144 1910 et
1185 1872 1267 1911 ioci
1305 1870 1513 1911 iuveniles
1555 1876 1764 1924 (inquunt.

290 1926 439 1967 Oratio
472 1928 599 1977 acris,
632 1927 821 1979 copiosa,
853 1929 1039 1979 variata,
1071 1941 1185 1967 nunc
1217 1926 1355 1966 brevis
1387 1941 1500 1966 nunc
1531 1925 1707 1966 verbosa
1728 1932 1765 1965 et

281 1982 462 2033 tumida,
480 1981 649 2035 faceta,
684 1982 892 2033 ironica⁴,
935 1982 1055 2022 baud
1091 1996 1192 2022 raro
1223 1988 1363 2023 tamen
1394 1982 1523 2023 nimis
1551 1980 1763 2032 involuta,

282 2043 319 2076 et
348 2037 631 2089 subobscura,·
655 2038 903 2090 posteriora.
933 2044 1071 2078 tamen
1103 2052 1247 2091 opera,
1281 2037 1504 2078 historiam
1533 2036 1698 2077 Ottonis
1727 2042 1764 2076 et

281 2091 467 2133 libellum
510 2093 560 2132 de
604 2092 815 2147 leqatione
860 2091 1359 2146 C'onstantinopolitana,
1407 2093 1458 2133 ab
1505 2106 1554 2132 ea
1599 2106 1763 2146 quoque

274 2154 404 2202 parte
448 2149 590 2203 nzaqis
633 2148 898 2189 laudaveris.
958 2149 1010 2188 In
1056 2148 1329 2202 Antapodosi
1373 2149 1497 2198 eni-m,
1538 2148 1764 2201 prioribus

273 2204 514 2257 praecipue
558 2202 708 2254 libris,
754 2203 828 2243 ubi
873 2203 1058 2244 aliorum
1102 2203 1432 2244 narrationibus
1476 2203 1684 2244 innititur
1726 2208 1764 2243 et

280 2261 481 2313 temporis
523 2259 715 2299 ordinem
753 2259 876 2299 baud
915 2274 1015 2299 raro
1054 2259 1252 2313 negslea‘it,
1289 2273 1340 2299 ex
1372 2258 1618 2299 auctoribus
1646 2257 1760 2298 locu-

272 2313 461 2368 pletibus
494 2312 781 2355 illustrandus
812 2321 848 2354 et
878 2315 1197 2355 emendandus⁵
1229 2320 1310 2366 est,·
1353 2316 1397 2355 in
1437 2313 1614 2367 reliquis
1654 2314 1759 2366 ipse,

280 2376 492 2423 spectator
522 2371 734 2424 eyreqius,
766 2371 1045 2424 conspicuum
1067 2370 1150 2410 sibi
1170 2369 1307 2410 locum
1328 2369 1534 2418 vindicat,
1565 2369 1761 2424 quamvis

268 2424 443 2479 fabulis
473 2431 509 2466 et
541 2425 782 2466 rumoribus
807 2426 851 2466 in
876 2426 994 2481 vulgsi
1015 2440 1083 2466 ore
1104 2424 1376 2465 versantibus
1398 2425 1578 2465 nimiam
1599 2437 1763 2477 semper

269 2480 405 2533 fldem
436 2481 665 2535 adiunqat.
719 2479 823 2522 Cum
854 2482 991 2535 iqitur
1021 2495 1071 2520 ea
1101 2486 1268 2520 tantum
1293 2481 1515 2535 scripserit
1537 2494 1646 2534 quae
1669 2480 1761 2532 ipse

283 2601 316 2641 l)
337 2601 405 2631 Die
427 2600 482 2631 20.
503 2599 594 2631 Iulii.
614 2600 705 2642 Lupi
727 2599 766 2631 C.
788 2600 833 2631 D.
854 2601 1016 2641 Bergom.
1037 2601 1085 2640 II,
1105 2600 1303 2640 30⁶23Mon.
1325 2599 1405 2631 hist.
1424 2602 1513 2640 patr.
1532 2598 1633 2637 XIII,
1654 2596 1759 2630 1285.

282 2648 319 2690 2)
346 2649 442 2680 Mon.
471 2649 550 2680 hist.
578 2652 666 2690 patr.
695 2648 795 2688 XIII,
830 2648 934 2681 1298.
976 2649 1080 2680 1300.
1230 2648 1267 2688 3)
1296 2658 1325 2679 e.
1352 2657 1386 2688 g.
1414 2647 1475 2687 IV,
1508 2646 1658 2678 14-16.
1699 2646 1757 2679 25.

280 2696 319 2738 4)
348 2707 378 2728 e.
405 2707 439 2738 g.
466 2697 526 2736 IV,
556 2696 612 2727 28.
640 2698 676 2728 in
710 2707 798 2728 nece
828 2697 1027 2737 Giselberti,
1054 2698 1095 2735 V,
1128 2697 1170 2728 15
1204 2697 1239 2727 in
1274 2696 1377 2727 clade
1407 2695 1592 2726 Rusiorum
1627 2693 1759 2726 deseri—

279 2744 406 2776 benda.
457 2777 459 2780 ,
508 2746 542 2784 5)
563 2745 605 2776 In
631 2745 777 2776 historia
803 2745 1064 2787 expeditionum
1081 2744 1215 2777 Arnulfi
1244 2755 1285 2776 ex
1302 2745 1393 2776 Anu.
1412 2742 1668 2782 Fuldensibus;
1695 2741 1759 2774 sed

281 2794 387 2824 etiam
414 2793 474 2824 ubi
500 2793 638 2832 erravit,
661 2793 784 2835 Sergio
813 2804 926 2836 papae
954 2795 1110 2826 tribuens
1130 2803 1220 2835 quae
1241 2793 1420 2834 Stephano
1439 2791 1500 2823 VI.
1528 2791 1759 2829 debebantur,

280 2840 350 2873 fide
385 2841 510 2882 dignos
544 2846 651 2873 testes
686 2841 861 2873 consuluit
899 2843 988 2874 ‘Hoc
1023 2853 1174 2884 namque
1210 2852 1230 2873 a
1265 2840 1538 2882 religiosissimis
1576 2839 1757 2871 Romanae

279 2889 375 2921 urbis
401 2890 484 2922 viris
509 2899 679 2932 persaepe
707 2887 835 2921 audivi’
864 2890 891 2931 1,
918 2891 974 2923 31.
