1902 3200
431 187 686 220 EPITAPHIA
713 187 989 219 ADELBERTI
1018 188 1076 219 ET
1104 188 1301 221 BERTAE.
1528 188 1592 219 167

822 296 877 336 ΙΙ.

224 383 251 431 ἢ·
280 377 373 418 Ηο0
403 377 557 430 tegitur
587 374 748 416 tumulo
780 374 1015 415 comitissae
1047 387 1199 428 corpus
1229 373 1446 415 humatum

334 430 484 472 Inclita
526 431 736 485 ncgenies
766 431 890 470 Berta
920 429 1101 482 benigna
1132 429 1213 482 pia.

280 486 401 531 Uxor
429 485 523 526 Ada
541 485 647 526 berti
678 485 796 525 ducis
827 483 970 525 Italiae
1000 484 1079 524 fuit
1107 485 1211 537 ipsa,

333 540 502 594 Regalis
532 541 697 594 generis
729 554 835 595 quae
864 539 940 579 fuit
971 553 1091 579 omne
1123 538 1265 578 docus.

225 608 244 639 5
279 595 441 636 Nobilis
474 611 527 636 ex
557 595 639 636 alto
670 596 931 636 Francorum
961 594 1148 648 germine
1179 608 1338 647 regum,

333 650 516 691 Karolus
547 652 637 706 ipse
669 651 761 705 pius
792 665 866 691 rex
896 649 975 690 fuit
1005 649 1094 689 eius
1124 662 1240 688 avus.

278 706 398 757 Quae
429 707 568 761 specie
598 706 799 760 speciosa,
832 704 942 745 bono
974 704 1205 758 speciosior
1234 709 1345 752 actu,

332 760 441 801 Filia
468 760 667 813 Lotharii,
703 759 917 815 pulchrior
947 774 999 800 ex
1030 759 1200 799 meritis.

277 817 511 857 Pel-mansit
540 815 653 866 felix,
685 815 794 856 scclo
826 815 924 855 dum
955 815 1062 855 vixit
1091 814 1133 853 in
1163 815 1255 866 isto,

201 882 245 914 10
331 871 425 911 Non
456 871 650 911 inimicus
681 884 773 912 eam
804 871 972 911 vincere
1002 868 1248 925 praevaluit.

278 925 462 967 Consilio
493 926 616 967 docto
647 926 892 967 moderabat
921 925 1112 980 regmina
1142 923 1285 976 multa,

333 981 509 1036 Semper
537 988 625 1022 erat
654 996 797 1022 50011111
827 981 962 1034 gratia
992 994 1145 1034 magna
1175 978 1256 1020 (101.

277 1037 472 1078 Partibus
503 1052 556 1077 cx
587 1036 727 1077 multis
757 1036 876 1077 multi
907 1036 1080 1076 comites
1110 1035 1346 1085 veniebant,

331 1091 578 1133 Mellifluum
609 1092 731 1132 0111115
762 1105 962 1146 quaerere
995 1088 1265 1144 colloquium.

200 1158 242 1189 15
276 1146 487 1188 Exulibus
517 1147 679 1188 miseris
710 1153 844 1187 mater
873 1146 1093 1186 carissima
1123 1144 1289 1195 mansit,

331 1202 471 1256 Atque
502 1202 731 1256 peregrinis
762 1215 927 1255 semper
957 1215 1079 1254 opem
1110 1199 1268 1241 tribuit.

277 1256 438 1298 Claruit
466 1256 569 1298 haec
600 1255 749 1297 mulier
777 1257 944 1311 sapiens
975 1256 1176 1310 fortisque
1207 1253 1417 1305 columna,

329 1312 477 1353 Totius
506 1312 640 1353 virtus
670 1311 803 1367 gloria
833 1311 907 1352 lux
935 1311 1107 1366 patriae.

274 1367 421 1409 Idibus
452 1368 609 1408 octavis
639 1367 785 1408 Martis
814 1367 1010 1422 migravit
1039 1365 1091 1406 ab
1122 1366 1201 1407 ista

192 1433 242 1466 20
326 1423 437 1473 Vita,
468 1437 566 1463 cum
597 1422 766 1463 domino
797 1423 912 1463 vivat
943 1429 982 1463 01
1012 1422 1055 1461 111
1084 1421 1241 1476 requie.

274 1478 388 1519 Mors
419 1478 509 1519 eius
539 1476 694 1519 multos
725 1479 944 1519 contristat
973 1491 1049 1532 pro
1081 1476 1197 1518 dolor
1227 1475 1345 1527 011011,

330 1533 446 1574 Eous
477 1532 659 1588 populus
689 1532 851 1588 plangit
880 1540 919 1574 01
950 1531 1164 1573 occiduus.

273 1588 396 1629 Nunc
426 1588 601 1643 Europa
629 1589 772 1642 gemit,
802 1603 913 1629 nunc
943 1587 1059 1643 luget
1088 1588 1267 1628 Francia
1296 1592 1393 1636 tota,

333 1644 519 1689 Corsica,
553 1644 760 1696 Sardinia,
793 1643 947 1685 Grecia
977 1650 1017 1684 et
1047 1642 1179 1683 Italia.

194 1709 242 1742 25
277 1700 361 1751 Qui
390 1698 526 1754 legitis
557 1714 701 1740 versus
732 1700 843 1752 istos,
874 1713 949 1740 vos
979 1698 1104 1739 dicite
1135 1697 1292 1738 cuncti:

332 1755 585 1809 Perpetuam
615 1752 753 1795 lucem
784 1754 910 1795 donet
940 1754 977 1794 ei
1007 1753 1215 1794 dominus.
1271 1752 1422 1792 Amen.

219 1810 343 1851 Anno
374 1810 609 1850 dominicae
645 1810 942 1851 incarnationis
973 1807 1332 1850 DCCCCXXVo
1363 1804 1589 1846 indictione

108 1865 220 1906 XIII
250 1865 354 1906 obiit
384 1865 435 1906 de
465 1865 663 1905 mundo¹.

111 1973 146 2014 1)
174 1973 370 2005 Bethmann
406 1972 592 2016 descripsit
624 1973 745 2005 Lucae
774 1972 817 2005 de
845 1982 1030 2011 marmore,
1065 1971 1158 2013 quod
1186 1972 1257 2002 iam
1285 1980 1382 2002 muro
1412 1968 1587 2001 ecclesiae

110 2022 144 2055 S.
172 2023 306 2054 Mariae
332 2023 534 2064 impositum
568 2024 619 2053 est
652 2022 796 2053 intranti
822 2022 867 2053 ad
895 2021 1085 2052 dexteram.
1138 2020 1335 2051 Literarum
1372 2017 1483 2050 forma
1518 2017 1589 2049 ele-

110 2071 335 2113 gantissima,
373 2081 463 2112 quae
500 2071 648 2112 optimas
690 2070 908 2112 antiquitatis
944 2070 1121 2101 Romanae
1156 2068 1403 2110 inscriptiones
1438 2065 1590 2098 feliciter

109 2119 276 2152 imitatur.
321 2118 517 2150 Ediderunt
534 2119 702 2150 Muratori
721 2118 888 2150 Thesaur.
915 2118 1072 2159 inscript.
1103 2116 1205 2155 1843,
1235 2116 1274 2156 1;
1302 2115 1498 2147 Fiorentini
1516 2114 1591 2146 Me-

111 2167 219 2199 morie
248 2166 282 2198 di
308 2166 457 2199 Matilda
484 2178 517 2209 p.
545 2166 603 2199 38.
