1853 3209
162 291 228 317 926.

163 1317 229 1342 934.

101 1541 109 1550 ‘
123 1551 151 1575 p.
164 1543 229 1569 307.

246 165 288 195 62
431 164 732 196 LIUDPRANDI
758 164 1104 197 ANTAPODOSIS.
1156 164 1251 196 LIB.
1277 164 1345 196 ΙΙΙ.
1401 164 1554 197 19—24.

243 289 392 329 perum
421 274 741 316 necessitatibus
772 275 984 326 curiosus3
1015 288 1116 329 erga
1136 274 1335 315 aeclesias
1356 273 1478 315 valde
1501 273 1722 327 sollicitus,

241 329 461 384 religiosos
505 329 879 384 phylosophosque
921 329 1035 369 viros
1071 343 1157 370 non
1190 329 1327 370 solum
1357 329 1539 381 amabat,
1576 344 1724 370 verum

243 386 368 426 etiam
407 385 569 426 fortiter
610 384 857 425 honorabat.
931 384 1017 435 Qui
1047 385 1125 424 etsi
1161 392 1222 426 tot
1260 385 1486 426 virtutibus
1526 383 1725 438 clarebat,

243 440 465 482 mulierum
495 446 637 480 tamen
666 438 873 480 illecebris
905 453 975 480 eas
1004 438 1187 481 fedabat.

353 507 419 548 20.
478 506 563 547 Hic
603 521 657 547 ex
686 506 949 547 Francorum
987 521 1140 560 genere
1179 507 1507 548 Teutonicorum
1548 520 1727 547 uxorem

241 569 465 618 acceperat
503 562 673 602 nomine
712 560 880 613 Aldam,
921 576 1028 617 quae
1067 560 1201 602 filium
1240 564 1278 603 ei
1315 569 1521 617 genuerat
1555 562 1725 602 nomine

241 618 486 660 Lotharium
502 626 529 657 1.
596 617 816 659 Habuerat
845 631 944 658 sane
973 624 1074 658 tunc
1108 617 1310 672 temporis
1341 633 1395 659 ex
1425 617 1608 674 quadam
1637 631 1727 657 mu-

242 674 342 716 liere
372 672 648 725 nobilissima,
679 671 885 714 vocabulo
916 671 1241 725 VVandelmoda,
1271 672 1405 714 filium
1435 674 1604 714 nomine
1634 672 1725 712 Hu-

241 731 419 781 bertum,
459 729 531 784 qui
579 742 691 769 nunc
746 742 879 783 usque
936 735 1127 782 superest
1175 735 1215 769 et
1263 728 1444 770 Tusciae
1492 728 1728 784 provintiae

242 786 439 840 princeps
469 789 617 838 potens
646 784 826 824 habetur
839 791 866 823 ².
923 782 1053 824 Cuius
1083 790 1190 837 acta,
1232 783 1310 825 deo
1341 784 1538 839 propitio,
1570 784 1655 824 suis
1685 783 1729 823 in

241 840 346 882 locis
377 846 654 894 exponentur.

355 908 421 948 21.
480 906 664 961 Hugone
702 906 831 960 igitur
869 920 968 960 rege
1008 907 1247 959 constituto,
1293 907 1402 948 sicut
1439 907 1504 948 vir
1547 905 1728 961 pruden-

241 964 444 1015 tissimus,
476 962 625 1003 ubiubi
656 969 862 1003 terrarum
894 962 1007 1017 cepit
1027 963 1195 1003 nuntios
1227 976 1324 1003 suos
1355 961 1549 1016 dirigere,
1579 960 1728 1002 multo-

242 1033 423 1074 rumque
454 1032 604 1071 regum
635 1032 710 1058 seu
739 1017 983 1072 principum
1015 1018 1244 1059 amicitiam
1277 1031 1494 1073 quaerere,
1537 1017 1729 1058 Heinrici

243 1075 464 1131 presertim
500 1073 770 1114 famosissimi
817 1074 942 1127 regis,
994 1074 1078 1129 qui,
1129 1080 1176 1115 ut
1216 1087 1343 1129 supra
1386 1073 1729 1125 memoravimus,

242 1130 476 1186 Bagoariis,
527 1128 690 1181 Suevis,
742 1128 1044 1183 Lotharingiis,
1095 1129 1272 1170 Francis
1315 1135 1441 1184 atque
1487 1128 1731 1170 saxonibus

244 1184 493 1241 imperabat.
551 1184 636 1225 Hic
666 1185 792 1226 etiam
825 1183 1074 1225 Sclavorum
1104 1191 1274 1240 gentem
1303 1185 1568 1225 innumeram
1588 1182 1730 1224 subiu-

244 1243 361 1298 gavit
405 1240 572 1295 sibique
615 1240 882 1281 tributariam
926 1240 1041 1292 fecit3
1092 1242 1255 1296 primus
1300 1241 1426 1281 etiam
1469 1240 1537 1280 hic
1582 1239 1731 1280 Danos

244 1296 488 1351 subiugavit
517 1294 682 1350 sibique
713 1296 868 1336 servire
898 1297 1082 1349 coegit-³3
1127 1310 1177 1336 ac
1207 1311 1283 1351 per
1311 1295 1391 1337 hoc
1422 1309 1577 1336 nomen
1607 1309 1731 1336 suum

245 1352 387 1394 multis
417 1350 690 1392 nationibusa
722 1350 884 1392 celebre
913 1351 1025 1392 fecit.

358 1419 424 1461 22.
482 1418 576 1459 Rex
605 1418 734 1473 igitur
762 1417 892 1473 Hugo
935 1433 1031 1459 cum
1072 1433 1193 1473 reges
1233 1418 1401 1460 sibimet
1437 1432 1487 1458 ac
1516 1418 1732 1473 principes

244 1477 404 1516 amicos
444 1474 722 1516 circumcirca
764 1473 1017 1529 adquireret,
1063 1473 1223 1515 studuit
1244 1481 1307 1515 ·et
1344 1472 1538 1514 Achiviis
1578 1487 1734 1514 nomen

245 1547 368 1573 suum
398 1530 522 1584 longe
552 1545 577 1570 a
605 1530 728 1571 nobis
759 1530 908 1585 positis
937 1536 1083 1570 notum
1113 1529 1264 1571 facere.
1336 1528 1583 1585 Imperabat
1612 1531 1732 1570 *vero

244 1588 308 1628 his
339 1595 440 1629 tunc
470 1586 671 1640 temporis
702 1586 906 1626 memoria
941 1586 1041 1627 satis
1082 1593 1122 1627 et
1159 1584 1283 1626 laude
1322 1585 1477 1639 dignus
1518 1584 1732 1625 Romanos

244 1646 486 1698 imperator,
530 1640 729 1693 liberalis,
774 1641 996 1693 humanus,
1041 1640 1228 1697 prudens
1269 1654 1318 1681 ac
1358 1641 1474 1696 pius;
1525 1641 1594 1681 cui
1635 1653 1733 1680 cum

244 1706 417 1756 propter
446 1711 612 1738 morum
641 1697 910 1752 probitatem,
940 1703 1030 1737 tum
1053 1704 1227 1752 propter
1255 1695 1430 1752 linguae
1449 1696 1732 1738 urbanitatem

244 1756 480 1811 genitorem
510 1768 653 1794 meum
684 1753 827 1807 dirigit
852 1753 1061 1794 nuntium.

358 1823 423 1864 23.
483 1821 569 1873 Qui
608 1835 705 1862 cum
747 1820 895 1862 eodem
935 1821 1213 1875 pervenisset,
1252 1821 1362 1861 inter
1401 1825 1577 1871 caetera,
1623 1833 1732 1874 quae

244 1878 489 1934 imperatori
518 1877 710 1918 Romano
739 1891 817 1917 rex
856 1876 986 1931 Hugo
1026 1875 1229 1916 munerab
1268 1875 1453 1928 miserat,
1490 1874 1734 1916 huiusmodi

246 1935 351 1976 duos
392 1948 517 1975 canes
560 1931 752 1984 adduxit,
799 1931 943 1987 quales
974 1933 1018 1972 in
1056 1931 1204 1973 eadem
1243 1945 1328 1972 non
1367 1937 1464 1971 sunt
1503 1929 1732 1986 aliquando

245 1990 382 2046 patria
410 1989 504 2029 visi.
570 1988 656 2039 Qui
700 1988 802 2028 dum
846 1994 943 2029 ante
987 1988 1287 2043 imperatorem
1325 1986 1497 2028 adducti
1534 1986 1732 2039 fuissent;

244 2047 326 2087 nisi
355 2043 583 2086 multorum
617 2042 802 2084 brachiis
842 2049 1098 2096 tenerentur,
1142 2057 1239 2084 eum
1283 2043 1476 2098 protinus
1520 2041 1733 2083 morsibus

244 2101 462 2143 laniarent.
523 2100 631 2141 Puto
681 2100 814 2151 enim,
865 2099 966 2154 quia
1020 2098 1123 2140 dum
1171 2098 1284 2139 hunc
1336 2097 1568 2139 Grecorum
1617 2111 1733 2138 more

244 2158 437 2199 teristro4
468 2162 663 2211 opertum
692 2153 924 2210 habituque
964 2153 1128 2196 insolito
1168 2153 1366 2195 viderunt
1402 2153 1608 2205 indutum,
1647 2167 1733 2193 non

246 2213 459 2254 hominem
489 2211 563 2252 sed
592 2216 827 2251 monstrum
857 2209 1029 2266 aliquod.
1058 2215 1326 2265 putaverunt.

358 2268 423 2309 24.
482 2267 680 2321 Denique
710 2280 865 2321 magno
897 2281 995 2307 cum
1025 2265 1183 2306 honore
1218 2265 1271 2306 ab
1303 2265 1452 2306 eodem
1483 2269 1732 2319 susceptus0

244 2376 273 2409 a)
298 2376 430 2401 nationis
454 2377 480 2399 1.
564 2374 594 2406 l»)
618 2377 745 2399 munera
767 2376 794 2398 l.
877 2374 903 2405 c)
927 2377 1088 2405 suspeptus·
1113 2375 1139 2401 1.

249 2465 285 2506 1)
315 2463 367 2495 Cf.
396 2463 448 2495 IV
485 2473 514 2495 c.
545 2462 577 2494 2.
606 2463 670 2502 12;
697 2461 871 2494 Miracula
908 2461 943 2494 S.
979 2461 1190 2493 Columbani
1217 2470 1246 2492 c.
1286 2460 1353 2491 16:
1389 2459 1590 2491 ‘Lotharius
1617 2459 1732 2491 bonae

246 2511 375 2544 indolis
402 2521 498 2554 puer,
526 2510 618 2543 filius
636 2509 811 2553 praedicti
829 2511 934 2552 regis,
963 2520 1066 2551 quem
1085 2509 1177 2541 Alda
1194 2509 1317 2550 regina
1335 2518 1400 2540 sua
1418 2507 1560 2549 genuit'.
1600 2507 1642 2540 A.
1662 2507 1732 2538 930

245 2561 352 2602 Hugo
381 2571 442 2592 rex
469 2559 644 2592 ecclesiae
670 2559 853 2591 Parmensi
880 2557 1036 2600 diploma
1059 2558 1158 2590 dedit
1183 2557 1451 2589 ‘interventione
1474 2556 1588 2588 Aldae
1610 2566 1732 2587 aman-

246 2610 407 2642 tissimae
435 2612 469 2640 et
497 2609 701 2640 carissimae
730 2608 890 2649 coniugis
918 2607 1067 2638 nostrae'
1096 2605 1187 2647 (Affb
1217 2606 1332 2638 Storia
1368 2604 1403 2636 di
1429 2605 1557 2636 Parma
1576 2605 1604 2644 Ι,
1632 2602 1732 2645 342).

250 2659 285 2699 2)
320 2658 520 2696 Hubertus,
557 2657 616 2698 qui
653 2660 687 2688 et
723 2656 860 2688 comitis
897 2655 1020 2698 palatii
1055 2665 1198 2687 munere
1236 2654 1376 2686 functus
1418 2657 1495 2692 est,
1532 2653 1663 2685 Bosoni
1697 2663 1730 2684 a.

250 2717 280 2739 c.
311 2706 378 2736 93ss
407 2707 442 2737 in
478 2705 608 2737 ducatu
634 2705 785 2737 Tusciae
813 2704 1091 2736 administrando
1120 2704 1301 2736 successit.
1353 2702 1406 2734 Ab
1444 2703 1573 2734 Ottone
1607 2704 1732 2743 postea

249 2766 280 2786 a.
310 2755 375 2785 961
406 2756 441 2785 in
468 2754 611 2786 exilium
638 2754 763 2785 missus
792 2757 854 2785 est.
926 2754 962 2793 3)
983 2753 1035 2785 Cf.
1064 2763 1093 2784 c.
1121 2752 1177 2784 47.
1251 2750 1289 2793 4)
1307 2750 1566 2791 Velamentum,
1584 2749 1731 2792 pallium

250 2803 444 2843 mulierum,
473 2802 526 2834 Cf.
554 2803 644 2843 Leg.
675 2812 705 2834 c.
733 2802 790 2833 37.
819 2802 877 2833 40.
907 2801 963 2833 54.
