1780 3209
235 159 280 191 88
428 160 729 192 LIUDPRANDI
755 160 1099 193 ANTAPODOSIS.
1149 161 1241 193 LIB.
1269 160 1330 192 IV.
1385 160 1538 192 17—20.

157 285 223 311 929.
350 271 414 311 17.
471 271 667 312 Duxerat
709 272 822 312 idem
861 286 937 312 rex
979 271 1079 312 Otto
1119 277 1214 312 ante
1252 271 1370 325 regni
1407 271 1715 326 susceptionem

239 341 293 368 ex
321 325 557 381 Anglorum
579 333 702 382 gente
723 326 985 367 nobilissima
1005 327 1114 380 regis
1135 326 1382 367 Hadelstani
1403 326 1540 367 fratris
1561 325 1690 367 filiam
1703 334 1714 355 ¹

239 381 319 422 sibi
350 396 538 432 uxorem,
568 384 739 423 nomine
770 380 936 436 Otgith3
968 396 1022 422 ex
1044 396 1127 436 qua
1147 388 1188 422 et
1207 380 1339 422 filium
1359 382 1517 437 genuit,
1547 382 1716 423 nomine

237 437 596 479 LIUTOLFUM.
657 437 789 478 Cuius
820 438 872 477 ob
903 446 1115 477 recentem
1146 437 1375 477 iacturam²
1408 437 1609 492 quociens
1632 452 1717 479 me-

241 494 418 534 moriam
449 493 628 546 agimus,
658 490 842 532 lacrimis
874 492 1011 532 sinum
1051 490 1274 547 replemus.
1342 492 1378 533 O
1418 493 1453 533 si
1487 506 1717 547 numquam

240 555 375 601 natus,
406 554 479 588 aut
508 562 591 588 non
621 553 706 587 tam
737 552 899 587 mature
930 546 1151 587 defunctus
1182 547 1311 588 esset!

171 626 223 659 (8.)
354 615 416 655 18.
477 615 571 666 Quo
616 615 660 654 in
704 621 893 669 tempore
937 614 1047 668 regis
1091 614 1281 654 eiusdem
1324 614 1450 657 frater
1493 615 1719 657 Heinricus

156 666 222 691 939·
239 669 504 725 quorundam
534 684 830 725 perversorum
859 670 1059 711 instinctu
1098 669 1234 710 eidem
1275 677 1337 711 est
1366 671 1542 711 nimium
1572 670 1719 712 adver-

240 732 366 767 satus.
424 726 467 767 Is
499 727 622 778 enim,
667 726 738 780 qui
777 732 876 779 post
915 725 1137 766 creationis
1175 739 1274 765 suae
1314 740 1414 766 mox
1444 725 1720 768 clarissimam

239 781 485 836 dignitatem
517 783 695 823 creatori
731 795 806 821 suo
839 795 882 821 se
918 779 1096 821 similem
1132 779 1268 821 facere
1304 780 1448 833 voluit,
1490 798 1566 837 per
1604 782 1721 823 audi-

239 844 349 878 tores
381 851 477 878 suos
515 836 667 879 talibus
702 836 953 877 Heinricum
994 843 1137 876 contra
1172 835 1324 889 fratris,
1362 837 1490 878 immo
1530 838 1640 893 regis
1681 844 1722 879 et

239 892 435 945 dominia,
480 892 743 935 sermonibus
786 892 1024 946 instigavit:
1084 892 1329 933 ‘Rectumne
1377 899 1540 947 patrem
1584 893 1722 947 egisse

238 963 341 1001 rere,
373 949 491 1003 regia
530 948 608 989 tibi
642 950 687 989 in
727 947 929 1002 dignitate
966 947 1121 1002 genito,
1161 961 1245 987 non
1280 948 1324 987 in
1355 947 1500 989 eadem
1531 950 1722 1004 genitum

240 1003 541 1059 preponendo?
571 1003 701 1044 Plane
731 1018 816 1044 non
847 1002 1109 1044 discretionis
1139 1001 1218 1043 hoc
1249 1017 1427 1044 censura
1456 1004 1720 1059 ponderavit,

239 1074 387 1101 verum
419 1059 629 1115 passionis
666 1058 958 1114 magnitudine
998 1058 1220 1100 aberravit.
1293 1058 1408 1113 Ergo
1453 1073 1545 1115 age,
1587 1075 1723 1115 neque

240 1115 351 1157 enim
396 1116 474 1157 tibi
519 1116 693 1157 deerunt
737 1115 906 1170 copiae3
952 1114 1122 1155 fratrem
1168 1113 1297 1165 deice,
1343 1129 1518 1170 regnum
1556 1117 1724 1171 accipe,

241 1172 376 1225 sitque
407 1172 482 1213 tibi
513 1171 716 1226 regnandi
746 1169 937 1222 facultas,
976 1170 1043 1210 cui
1079 1170 1234 1211 accidit
1271 1170 1349 1211 deo
1379 1170 1582 1226 largiente
1613 1178 1653 1213 et
1681 1172 1725 1212 in

240 1228 387 1269 eadem
420 1227 622 1282 dignitate
653 1226 873 1268 nativitas’.

272 1296 334 1335 19.
380 1294 602 1349 Regnandi
631 1294 707 1335 tibi
736 1293 837 1349 quid
858 1294 1057 1334 iuvenum
1080 1297 1166 1332 tam
1187 1292 1279 1333 dira
1300 1294 1452 1349 cupido
1553 1295 1725 1336 Versus.

466 1350 637 1405 Optime
671 1348 962 1403 Saxigenum‘?
1007 1347 1209 1389 Prohibet
1239 1348 1356 1401 deus,

379 1405 510 1446 Haud
531 1411 650 1460 pater
669 1405 913 1456 Heinricus3
936 1403 1052 1445 dedit
1072 1404 1106 1444 is
1130 1405 1228 1458 quia
1250 1411 1435 1459 sceptra,
1466 1405 1665 1447 monebat

464 1461 732 1516 Astripotens
761 1461 897 1502 bonus
926 1460 1017 1514 ipse
1049 1458 1151 1499 deus
1182 1459 1292 1514 pius,

329 1529 345 1560 5
382 1516 476 1569 Quo
509 1517 597 1558 sine
628 1531 707 1558 nec
737 1530 912 1570 regnum
946 1515 1121 1569 capitur,
1152 1528 1230 1555 nec
1260 1522 1452 1570 tempora
1482 1516 1647 1558 sistunt.

466 1571 683 1628 Quicquid
713 1572 757 1612 in
788 1572 888 1613 orbe
919 1570 1023 1612 deus
1053 1571 1212 1625 geritur
1240 1571 1369 1624 iubet,

380 1629 461 1670 Per
492 1642 616 1682 quem
646 1628 739 1668 iura
769 1626 898 1668 duces
929 1632 1105 1667 cernunt
1134 1640 1339 1681 regesque
1369 1627 1642 1682 triumphant.

464 1683 690 1725 Fraternas
720 1684 833 1724 acies
863 1696 976 1723 nunc
1005 1696 1118 1722 nunc
1148 1681 1256 1723 male

383 1738 638 1781 Conflictare
670 1739 804 1793 cupis,
836 1738 975 1789 fallax,
1008 1736 1200 1789 crudelis,
1231 1737 1407 1793 inique?

305 1806 348 1838 10
465 1796 519 1849 —l-
549 1795 684 1850 Impie
713 1793 946 1835 Leviathan
976 1793 1224 1845 Bchemoffl,
1255 1807 1380 1848 paras

381 1851 618 1905 Antiquum
648 1864 851 1891 renovare
882 1857 955 1891 tua
984 1849 1067 1888 iam
1097 1848 1244 1889 fraude
1276 1847 1491 1890 duellum?

467 1905 653 1948 Crimine
685 1920 761 1961 pro
793 1912 942 1946 cuncto
972 1919 1129 1959 poenas
1158 1903 1260 1956 lues,

381 1961 477 2003 Hoc
498 1960 726 2016 reprobum
747 1975 946 2002 numerus
969 1959 1142 2014 culpans
1166 1959 1279 2015 quod
1300 1967 1448 2015 peccat
1468 1960 1511 2000 in
1541 1974 1645 2002 aevo

465 2016 665 2072 Improbe
697 2016 953 2072 supplicium
982 2016 1136 2056 referes
1167 2014 1309 2068 simul,

306 2083 348 2116 15
384 2072 440 2114 Et
471 2087 763 2128 quaecumque
793 2070 913 2113 malis
944 2070 1150 2113 debentur
1179 2070 1375 2112 flammea
1404 2071 1567 2113 cunctis

466 2128 662 2181 Vincula,
692 2133 813 2184 parta
842 2128 919 2169 tibi
948 2127 1120 2179 misero,
1149 2141 1287 2182 neque

382 2183 625 2239 Ignivomas
655 2184 799 2238 lrerebi
829 2184 937 2224 iuste
969 2182 1174 2224 dimersus
1208 2182 1276 2239 [ad
1305 2182 1483 2240 undasb]

467 2240 676 2295 Perpetuo
707 2246 847 2280 tecum
878 2252 1046 2279 arsuros
1076 2238 1216 2279 trahes

386 2295 678 2348 Christicolas,
711 2297 809 2351 quia
839 2295 874 2336 si
905 2309 987 2350 qua
1017 2308 1136 2335 sacro
1166 2293 1420 2348 baptismate
1448 2293 1522 2335 loti

301 2362 350 2395 20
466 2352 624 2393 Debita.
652 2359 749 2406 post
776 2357 956 2402 traxere,
987 2349 1054 2390 dei
1084 2357 1225 2390 manet

387 2406 547 2459 Gratia,
580 2421 687 2462 quae
718 2406 859 2462 lapsos
890 2406 1025 2447 erexit
1054 2405 1258 2460 sanguine
1288 2405 1431 2459 gratis.

178 2481 229 2514 (9·)
358 2474 423 2516 20.
483 2475 609 2516 Tanti
638 2474 763 2515 huius
793 2488 842 2515 ac
867 2473 1093 2528 perniciosi
1114 2471 1312 2513 facinoris
1334 2471 1434 2513 illex
1453 2471 1729 2514 Heverardus

166 2520 231 2545 938·
247 2530 385 2572 extitit
416 2544 570 2572 comes.
615 2530 756 2571 Huius
787 2530 899 2570 enim
930 2529 1091 2584 primae
1121 2526 1360 2569 rebellionis
1389 2534 1577 2583 tempore
1598 2527 1730 2569 Hein-

246 2587 358 2628 ricus
387 2585 504 2627 fratri
535 2600 608 2627 suo
639 2586 730 2641 regi
761 2591 801 2626 et
831 2585 1015 2637 domino,
1045 2591 1171 2640 prout
1201 2583 1415 2637 debuerat,
1457 2582 1733 2626 amminicula

96 2016 226 2049 ‘p.321.

248 2697 276 2727 a)
300 2696 359 2723 scil.
382 2695 569 2721 fidelitatem.
637 2693 668 2727 b)
694 2695 732 2719 ita
755 2694 941 2725 supplendum
963 2701 1022 2718 cum
1046 2694 1114 2725 5a.;
1137 2693 1173 2717 ad
1196 2693 1317 2717 umbras
1341 2692 1366 2718 3.

249 2798 283 2838 1)
311 2796 495 2829 Adelstani
524 2805 689 2835 sororem,
716 2794 882 2827 Edwardi
910 2792 1030 2825 filiam.
1132 2791 1167 2835 2)
1197 2791 1230 2824 d.
1260 2791 1289 2824 6.
1318 2791 1413 2834 Sept.
1442 2802 1473 2823 a.
1500 2792 1582 2824 957.
