1902 3200
364 186 662 218 LIUDPRANDI
690 185 911 218 LEGATIO.
967 185 1118 218 13—16.
1429 188 1493 219 143

24 312 118 338 rum
149 311 337 338 meorum
366 310 488 337 nemo
519 295 688 346 exstitit,
721 295 794 349 qui
823 308 906 334 non
938 293 1084 335 eodem
1116 293 1298 335 ebriatus
1328 307 1573 351 poculo,9c.8.

29 353 139 394 diem
171 351 250 393 sibi
281 350 470 392 ultimum
500 350 717 391 imminere
754 348 1006 390 formidaret.
1067 348 1164 401 Cur,
1204 364 1371 404 quaeso,
1411 366 1494 392 non

25 422 74 449 ae
107 414 301 459 rotarent,
333 406 485 461 quibus
516 412 603 446 erat
631 411 756 460 potus
786 419 862 460 pro
893 404 1050 459 optimo
1080 405 1179 445 vino
1211 404 1398 459 salsugo,
1420 421 1494 461 pro

26 464 200 505 cucitra
237 476 321 502 non
356 461 543 514 faenum,
583 474 667 501 non
706 467 909 512 stramen,
948 473 1031 500 non
1069 459 1214 501 saltem
1254 467 1381 512 terra,
1423 461 1495 502 sed

25 518 174 560 durum
213 522 407 570 marmor,
448 530 523 571 pro
565 514 757 557 cervicali
796 514 930 570 lapis?
974 515 1126 570 quibus
1166 514 1309 569 patula
1347 515 1495 557 domus

23 588 108 614 non
129 572 320 624 calorem,
350 586 434 612 non
454 570 646 623 imbrem,
675 585 759 611 non
780 570 912 624 frigus
933 571 1115 611 arcebat.
1161 571 1273 626 Ipsa,
1305 571 1338 611 si
1359 571 1494 623 vellet,

26 628 147 671 Salus
185 627 248 668 his
291 626 555 679 circumfusa,
595 634 641 668 ut
679 625 806 681 vulgo
847 625 1070 681 loquimur,
1113 640 1183 667 eos
1221 626 1382 667 salvare
1412 641 1495 667 non

22 689 200 739 posset1.
268 683 443 738 Proprio
496 697 595 738 ergo
640 688 766 737 atque
810 696 999 723 meorum
1044 680 1283 724 debilitatus
1326 696 1494 737 angore,

23 744 253 780 convocato
283 738 337 779 ad
367 752 433 779 me
464 737 649 791 custode,
680 738 808 778 immo
838 744 1106 792 persecutore
1142 751 1248 790 meo,
1289 751 1373 778 non
1404 753 1494 793 pre-

22 793 141 836 cibus
182 793 329 846 solum,
370 793 443 835 sed
481 794 614 848 pretio
656 791 829 845 obtinui,
869 798 915 832 ut
953 791 1172 847 epistolam
1211 806 1348 834 meam
1384 793 1496 835 hunc

23 849 194 891 modum
226 850 506 891 continentem
535 847 761 904 Nicephori
792 848 909 889 fratri
939 847 1134 889 deferret:

135 905 198 945 14.
245 904 388 946 ‘Leoni
410 904 638 960 coropalati
667 910 707 945 et
727 903 962 958 logothetae
992 907 1039 945 τέ
1069 904 1230 961 δρόμὸ2
1261 904 1495 960 Liudpran-

23 959 100 1002 dus
141 961 377 1016 episcopus.
446 959 491 1001 Si
531 960 758 1015 imperator
797 959 1086 1000 serenissimus
1131 960 1396 1015 petitionem,
1441 960 1494 1002 ob

21 1030 146 1072 quam
175 1015 284 1067 veni,
315 1016 514 1070 perticere
545 1016 712 1070 cogitat,
750 1029 833 1055 non
869 1014 1045 1070 fatigant
1075 1030 1154 1067 me,
1191 1029 1295 1070 quas
1330 1015 1397 1056 hic
1430 1030 1494 1056 su-

21 1071 166 1124 stineo,
202 1071 438 1127 passiones3
476 1070 622 1112 litteris
662 1069 923 1111 solummodo
963 1070 1067 1111 meis
1105 1077 1145 1111 et
1184 1071 1330 1110 nuntio
1362 1078 1408 1112 ut
1436 1071 1494 1111 in-

21 1132 206 1168 struatur
245 1126 438 1167 dominus
478 1140 607 1179 meus,
643 1141 710 1166 me
752 1125 819 1166 hic
858 1139 1019 1166 moram
1059 1125 1111 1166 ab
1150 1139 1194 1166 re
1232 1140 1317 1166 non
1346 1125 1494 1168 facere.

21 1181 147 1234 Quod
177 1182 211 1222 si
248 1196 369 1223 secus
411 1196 477 1222 res
515 1196 605 1223 sese
635 1181 772 1233 habet,
810 1181 928 1222 navis
969 1187 1055 1222 esta
1094 1180 1161 1222 hic
1192 1181 1495 1223 Veneticorum

21 1237 222 1290 oneraria,
254 1237 390 1293 quaeb
412 1237 623 1292 proficisci
643 1236 829 1289 festinat,
861 1235 968 1277 hanc
999 1251 1065 1277 me
1092 1244 1310 1291 aegrotum
1331 1237 1495 1292 ingredi

19 1293 141 1346 sinat,
185 1299 231 1334 ut
273 1293 307 1333 si
351 1291 637 1333 dissolutionis
679 1307 795 1333 meae
840 1299 1005 1347 tempus
1041 1291 1270 1346 advenerit,
1316 1293 1496 1335 cadaver

18 1362 160 1390 meum
188 1347 368 1404 genitale
399 1347 544 1391 saltem
575 1347 708 1389 solum
738 1348 965 1403 suscipiat.’

133 1403 194 1447 15.
239 1404 355 1456 Quas
388 1418 484 1444 cum
523 1403 704 1459 legisset,
743 1418 786 1445 se
825 1410 921 1458 post
959 1403 1231 1458 quatriduum
1271 1419 1337 1445 me
1375 1404 1494 1445 iussit

17 1459 145 1501 adire.
205 1459 415 1501 Sederunt
445 1474 542 1500 cum
572 1473 620 1500 eo
651 1459 705 1500 ad
735 1459 1080 1514 disceptationem
1116 1466 1311 1513 vestram,
1348 1474 1493 1501 secun-

16 1514 117 1556 dum
147 1529 293 1556 eorum
328 1515 607 1565 traditionem,
647 1514 941 1570 sapientissimi
981 1515 1074 1567 viri,
1112 1513 1252 1556 Attico
1289 1514 1492 1570 pollentes

16 1569 193 1625 eloquio,
232 1570 414 1611 Basilius
453 1571 808 1626 parakinumenos
823 1578 850 1623 ⁰,
896 1577 1017 1625 proto
1057 1584 1082 1610 a
1122 1571 1310 1623 secretis,
1356 1578 1492 1625 proto·
1547 1593 1569 1598 ἢ

16 1626 250 1679 vestiarius,
291 1631 331 1667 et
360 1625 444 1667 duo
474 1627 677 1681 magistri,
718 1640 898 1681 quorum
927 1625 1006 1666 hoc
1036 1625 1113 1666 fuit
1140 1628 1389 1667 narrationis
1419 1627 1493 1667 ini-

15 1681 137 1723 tium:
169 1681 298 1734 ‘Quid
315 1695 467 1723 causae
489 1682 553 1733 sit,
585 1696 713 1737 quare
735 1688 774 1722 te
796 1682 877 1722 huc
898 1681 1093 1735 fatigasti,
1125 1681 1263 1735 frater,
1285 1682 1491 1724 edissere’.

17 1736 185 1789 Quibus
216 1751 313 1778 cum
343 1736 581 1792 parentelae
620 1741 767 1791 gratia,
809 1751 916 1791 quae
956 1744 1066 1778 esset
1102 1738 1266 1778 occasio
1306 1738 1492 1779 infinitae

15 1792 144 1848 pacis,
176 1791 397 1845 edicerem,
436 1793 647 1848 inquiunt:
689 1793 897 1834 ‘Inaudita
926 1807 991 1834 res
1024 1800 1097 1845 est,
1127 1800 1173 1834 ut
1202 1793 1491 1848 porphyroge-

15 1848 93 1889 niti
122 1847 493 1904 porphyrogenita,
525 1848 604 1889 hoc
634 1855 695 1890 est
725 1849 766 1888 in
796 1863 986 1904 purpura
1016 1848 1101 1889 nati
1132 1847 1217 1889 filia
1243 1848 1286 1888 in
1306 1863 1494 1904 purpura

12 1910 123 1956 nata,
153 1904 351 1959 gentibus
382 1904 643 1945 misceatur³.
705 1903 862 1946 Verum
884 1904 982 1958 quia
1003 1909 1089 1944 tam
1110 1903 1383 1946 excellentem
1405 1920 1491 1946 rem

12 1959 165 2015 petitis,
196 1960 230 2000 si
260 1959 367 2001 datis
397 1959 510 2015 quod
541 1959 674 2012 decet,
704 1959 920 2014 accipietis
953 1960 1064 2015 quod
1096 1958 1215 2013 libet,
1246 1959 1492 2002 Ravennam

15 2013 173 2056 scilicet
203 2021 244 2057 et
272 2015 450 2056 Romam
481 2030 577 2056 cum
607 2015 671 2056 his
702 2015 897 2057 omnibus
919 2015 1184 2068 continuatis,
1217 2031 1324 2071 quae
1353 2017 1405 2058 ab
1428 2015 1492 2057 his

15 2076 112 2111 sunt
150 2085 283 2126 usque
322 2071 376 2111 ad
416 2085 506 2112 nos.
575 2070 621 2113 Si
660 2086 758 2112 vero
804 2071 1031 2112 amicitiam
1075 2071 1235 2127 absque
1279 2071 1494 2127 parentela

17 2125 281 2179 desideratis,
330 2126 508 2167 Romam
546 2125 719 2168 liberam
761 2141 850 2168 esse
891 2125 1086 2168 dominus
1125 2133 1223 2168 tuus
1262 2128 1492 2182 permittat3

14 2182 227 2238 principes
255 2187 407 2234 autem,
440 2181 691 2237 Capuanum
723 2181 883 2223 scilicet
908 2189 948 2223 et
967 2182 1327 2236 Beneventanum,
1360 2184 1492 2225 sancti

14 2238 147 2279 nostri
176 2238 341 2293 imperii
373 2236 470 2278 olim
507 2252 661 2291 servos,
697 2252 808 2279 nunc
832 2236 1032 2292 rebelles,
1072 2239 1261 2281 servituti
1290 2239 1491 2295 pristinae

13 2293 174 2336 tradat'.

127 2349 189 2390 16.
242 2349 408 2401 Quibus
462 2349 708 2390 ‘Dominum
754 2351 927 2401 meum’,
978 2350 1170 2405 inquam,
1223 2351 1490 2405 ‘potentiores

12 2442 41 2476 a)
65 2446 94 2469 et
116 2446 142 2469 (J.
224 2443 255 2478 b)
279 2446 482 2477 onerariaque
506 2446 532 2471 C.
614 2444 640 2477 c)
664 2445 946 2477 paraeknoumenos
970 2445 996 2470 O.

17 2529 53 2572 1)
80 2531 159 2563 Ter.
187 2531 254 2565 Ad.
273 2533 335 2572 IV,
365 2533 396 2574 7,
424 2534 489 2565 43:
518 2534 595 2576 ipsa
622 2535 651 2566 si
680 2534 798 2576 cupiat
825 2532 938 2573 Salus,
964 2530 967 2577 Ι
993 2533 1140 2566 Servare
1167 2542 1307 2575 prorsus
1334 2542 1403 2564 non
1429 2542 1490 2574 po-

14 2582 83 2612 test
108 2580 199 2612 hanc
225 2581 406 2615 familiam.
484 2581 521 2624 2)
541 2581 743 2624 Logotheta
770 2577 906 2626 δρόμου
934 2582 1112 2614 Iohannes
1132 2582 1302 2613 Zimisces
1329 2581 1402 2619 fuit,
1430 2580 1490 2611 Ni-

16 2626 158 2670 cephori
177 2639 369 2671 successor,
390 2630 433 2663 de
453 2641 521 2673 quo
540 2631 715 2663 Zonaras:
746 2627 808 2673 τῆς
827 2628 1070 2675 στρατιωτικῆς
1091 2625 1201 2674 ἀρχῆς
1219 2625 1359 2668 παύσας
1383 2624 1491 2660 αὐτὸν

15 2675 269 2720 (Nicephorus)
297 2678 344 2719 εἰς
369 2676 545 2724 πολιτικὴν
572 2676 776 2723 μετατίθησι
798 2676 990 2722 λογοθέτην
1017 2677 1077 2710 τοῦ
1108 2674 1243 2722 δρόμου
1268 2676 1302 2709 0.
1381 2676 1418 2717 2)
1437 2677 1489 2708 Ex

15 2724 235 2758 Constantini
261 2728 433 2760 sententia
450 2728 617 2760 Romanis
644 2727 913 2770 imperatoribus
940 2726 1042 2758 licuit
1066 2737 1142 2758 cum
1162 2727 1378 2758 Francorum
1397 2726 1488 2767 regi-

11 2773 75 2806 bus
102 2775 322 2807 matrimonia
348 2776 437 2808 inire
463 2781 605 2820 propter
631 2777 810 2819 antiquam
838 2776 994 2818 gentium
1017 2774 1153 2807 illarum
1174 2774 1392 2807 nobilitatem
1413 2773 1484 2817 (De

11 2823 142 2857 admin.
171 2824 253 2866 imp.
284 2834 313 2856 e.
344 2825 384 2856 13
412 2836 445 2867 p.
475 2825 548 2868 86).
