1902 3200
205 279 506 311 LIUDPRANDI
533 276 874 311 ANTAPODOSIS.
926 279 1020 311 LIB.
1050 280 1117 312 III.
1171 281 1324 314 30—32.
1460 286 1505 317 67

137 389 201 430 30.
245 389 458 430 Romanos
497 394 686 442 preterea
716 388 883 438 eodem,
924 404 1007 444 quo
1038 397 1157 443 pater
1186 391 1379 433 vasilleos
1410 409 1505 434 con-

27 444 223 485 stitutusa
253 451 315 485 est
343 458 466 495 anno,
496 442 623 483 filiam
655 458 774 484 suam
806 443 1013 485 Helenam
1044 445 1287 499 imperatori
1318 448 1505 501 parvulo,

25 499 194 540 domino
232 513 329 551 suo,
372 497 647 539 Constantino
685 498 1049 553 Porphyrogenito
1091 501 1312 556 coniugem
1354 502 1504 544 dedit1.

22 553 432 609 Porphyrogenitum
463 561 603 595 autem
633 569 717 595 non
746 554 789 594 in
819 569 1027 609 purpura,
1067 554 1142 596 sed
1170 556 1213 596 in
1243 555 1367 597 domo
1400 573 1507 612 quae

23 609 244 664 Porphyra
272 616 318 650 ut
347 610 539 664 superius
571 610 813 664 scripsimus
844 616 989 651 natum
1018 609 1169 665 apello.
1226 611 1282 652 Et
1308 614 1507 667 quoniam

22 679 88 706 res
118 665 323 719 processit
352 665 395 704 in
416 665 612 716 medium,
646 665 747 721 quid
777 665 828 706 de
858 665 983 706 huius
1004 665 1341 721 Porphirogeniti
1363 669 1507 722 genesi

22 719 259 760 audivimus
288 719 475 775 proferre
506 721 686 761 iterumb
708 735 792 761 non
822 721 975 775 pigeat,
1007 720 1364 775 quemadmodum
1395 732 1435 765 et
1465 725 1507 764 in

21 775 149 831 priori
189 775 295 817 libro
335 776 493 817 eisdem
530 776 670 816 verbis
707 775 839 831 tytulo
881 776 955 817 VI.
994 776 1090 817 VII.
1123 776 1242 817 VIII.
1273 777 1417 819 VIIII.
1450 780 1504 820 X.

22 831 223 885 scriptum
252 831 477 886 repperies,

132 885 198 926 31.
245 885 544 928 Constantinus
581 887 809 941 imperator
839 894 1064 941 augustus,
1103 903 1157 929 ex
1188 889 1307 929 cuius
1338 891 1505 932 nomine

22 939 408 997 Constantinopolis
439 948 501 982 est
530 942 675 983 sortita
701 941 955 983 vocabulum
987 943 1146 995 civitas,
1178 944 1250 985 τὸν
1271 960 1385 986 οικον
1414 960 1504 987 του-

20 1011 104 1049 τον,
135 1004 207 1037 ton
238 997 331 1038 icon
363 1004 495 1049 tuton,
526 997 697 1037 domum
729 999 874 1049 istam,
916 998 1112 1039 edificare
1141 999 1274 1051 iussit,
1306 1001 1372 1040 cui
1404 1001 1503 1041 Por-

20 1051 155 1107 phyra
199 1066 353 1093 nomen
402 1053 623 1106 imposuit3
679 1051 895 1107 voluitque
940 1067 1231 1094 successuram
1277 1054 1504 1096 nobilitatis

21 1120 121 1148 suae
164 1105 353 1147 subolem
390 1107 510 1148 isthic
542 1107 583 1147 in
612 1107 749 1147 lucem
780 1106 964 1162 prodire,
1006 1109 1201 1162 quatinus
1243 1110 1314 1149 cui
1344 1124 1420 1149 suo
1452 1125 1505 1151 ex

21 1168 195 1203 stemate
215 1168 498 1214 nascerentur,
530 1161 742 1203 luculenta
770 1162 849 1202 hac
879 1161 1129 1217 apellatione
1150 1127 1504 1219 Porplliyrogeniti

19 1217 269 1259 dicerentur.
329 1217 452 1258 Unde
483 1224 523 1258 et
552 1216 662 1257 hunc
689 1216 1025 1270 Constantinum,
1056 1218 1209 1260 Leonis
1240 1220 1504 1275 imperatoris

18 1271 168 1325 filium,
214 1287 268 1313 ex
312 1273 402 1314 eius
440 1273 643 1328 sanguine
678 1272 867 1314 nonnulli
907 1273 1055 1314 dicunt
1091 1275 1296 1329 originem
1334 1276 1502 1317 ducere.

19 1330 97 1380 Της
128 1340 317 1381 γενεσεως
349 1329 394 1369 δὲ
426 1331 552 1370 αυτοῦ
587 1330 642 1379 η*
664 1332 844 1381 αληθεῖα
867 1330 967 1370 αυτῆ
993 1342 1124 1383 εῡτην7
1155 1331 1206 1371 tis
1226 1346 1428 1385 geneseos
1450 1331 1502 1373 de

18 1391 120 1425 autu
150 1382 287 1424 alitiac
318 1384 406 1425 auti
436 1385 554 1437 estin,
584 1384 628 1424 id
658 1391 720 1425 est
740 1385 1020 1439 generationis
1041 1393 1181 1427 autem
1203 1385 1326 1427 huius
1347 1388 1500 1429 veritas

18 1437 95 1480 hec
125 1446 199 1480 est.

128 1495 195 1536 32.
239 1494 420 1535 Basilius
451 1496 680 1550 imperator
700 1502 917 1550 augustus,
949 1510 1055 1536 avus
1086 1496 1222 1548 huius,
1250 1497 1503 1540 Macedonia

16 1549 162 1590 humili
198 1549 335 1590 fuerat
374 1551 571 1605 prosapia
609 1551 829 1599 oriundus,
871 1551 1170 1607 descenditque
1206 1552 1500 1595 Constantino-

15 1604 145 1661 polim
176 1606 436 1661 paupertatis
465 1606 584 1660 iugo,
623 1614 669 1646 ut
698 1605 868 1647 cuidam
899 1608 1072 1648 serviret
1101 1609 1324 1662 igumeno,
1365 1609 1406 1649 id
1437 1617 1500 1651 est

16 1660 173 1703 abbati.
231 1659 366 1715 Igitur
405 1662 632 1716 imperator
671 1662 742 1716 qui
772 1668 873 1702 tunc
904 1663 1105 1717 temporis
1136 1670 1246 1716 erat,
1288 1663 1500 1706 Michahel

15 1716 203 1768 nomine,
245 1730 340 1756 eum
371 1717 570 1757 orationis
600 1717 735 1771 gratia
765 1717 819 1758 ad
849 1719 1149 1759 mona-sterium
1180 1718 1301 1770 illud,
1342 1721 1385 1760 in
1416 1734 1499 1775 quo

15 1771 82 1813 hic
111 1772 388 1824 ministrabat,
419 1772 703 1824 descenderet,
734 1773 839 1813 vidit
868 1772 979 1813 hunc
1010 1780 1149 1828 preter
1178 1774 1313 1815 forma
1339 1781 1499 1817 ceteros

16 1827 197 1882 egregia,
227 1828 494 1882 accitumque
524 1829 628 1868 ton*
660 1828 909 1882 igumenon,
953 1830 1138 1883 rogavit,
1177 1835 1223 1870 ut
1252 1845 1295 1870 se
1325 1829 1500 1872 donaret

16 1881 95 1924 hoe
125 1896 275 1938 puer0;
318 1898 444 1938 quem
482 1884 716 1938 suscipiens
747 1884 789 1923 in
818 1883 974 1938 palatio
1013 1884 1288 1926 cubiculariid
1328 1885 1500 1928 donavit

17 1937 159 1979 offitio.
217 1938 379 1979 Tantae
409 1938 589 1994 denique
620 1946 717 1994 post
745 1938 962 1993 paululum
992 1941 1211 1995 potestatis
1250 1948 1311 1982 est
1351 1941 1498 1995 faetus,

17 2000 63 2035 ut
99 1993 203 2035 alter
237 1994 290 2035 ab
327 1993 522 2035 omnibus
560 1995 788 2049 imperator
827 1995 880 2036 sit
915 1995 1132 2051 apellatus.
1200 1996 1360 2038 Verum
1401 1998 1502 2053 quia

16 2049 279 2104 omnipotens
320 2049 424 2091 deus
464 2064 605 2091 servos
645 2065 742 2091 suos
781 2050 892 2091 iusta
931 2051 1073 2092 visitat
1111 2051 1203 2094 vult
1232 2066 1501 2108 quacumque

17 2118 190 2147 censura
206 2112 237 2157 ὃ,
274 2105 386 2146 hunc
424 2106 722 2160 imperatorem
761 2120 886 2147 sanae
923 2107 1074 2148 mentis
1086 2108 1099 2133 f
1136 2108 1190 2149 ad
1220 2115 1386 2162 tempus
1416 2123 1500 2149 non

15 2175 104 2203 esse
134 2160 392 2215 permiserat,
422 2168 468 2202 ut
489 2175 572 2216 quo
602 2161 715 2202 hunc
735 2162 908 2216 gravius
939 2170 1148 2218 premeret
1178 2164 1220 2203 in
1249 2164 1417 2216 infimis,
1449 2179 1498 2205 eo

14 2215 323 2257 misericordius
343 2223 629 2258 remuneraret
657 2217 907 2258 insummis.
965 2218 1088 2271 Nam,
1110 2225 1157 2259 ut
1176 2218 1348 2272 ferun-g,
1375 2219 1499 2260 huius

14 2276 201 2327 tempore
231 2272 438 2326 passionis
468 2271 692 2313 familiares
713 2273 863 2320 etiamh
886 2274 1035 2328 eapitis
1050 2274 1230 2316 iusserat
1245 2274 1386 2316 subire
1408 2290 1499 2316 sen-

14 2328 197 2368 tentiam.
257 2328 375 2379 Quos
405 2334 546 2369 tamen
576 2328 629 2368 ad
659 2343 750 2369 sese
779 2328 944 2370 rediens
974 2329 1054 2370 hoe
1084 2336 1209 2385 pacto
1240 2330 1496 2386 requirebat,

14 2389 61 2423 ut
87 2383 166 2424 nisi
196 2396 302 2438 quos
334 2382 525 2438 iugulare
555 2384 735 2425 iusserat
762 2384 1051 2437 redderentur,
1081 2386 1173 2440 pari
1203 2387 1283 2441 ipsi
1315 2387 1387 2442 qui
1418 2386 1496 2426 hoc

15 2436 236 2480 effecerant
273 2439 478 2480 sententia
517 2439 829 2481 damnarentur.
889 2440 985 2481 Hoc
1022 2441 1150 2496 igitur
1188 2448 1345 2483 terrore
1390 2455 1496 2496 quos

14 2491 211 2535 damnare
230 2494 421 2546 iusserat,
451 2495 739 2537 servabantur.
786 2496 871 2538 Sed
892 2510 987 2536 cum
1008 2496 1089 2537 hoe
1110 2497 1250 2551 sepius
1281 2504 1321 2538 et
1346 2498 1495 2538 iterum

14 2547 170 2590 Basilio
200 2548 371 2602 faceret,
412 2550 652 2591 huiusmodi
686 2566 712 2592 a
746 2551 826 2593 sibi
856 2551 1208 2608 obsequentibus,
1248 2566 1324 2607 pro
1364 2551 1494 2604 nefas,

14 2605 176 2659 accepit
212 2604 453 2646 consilium:
494 2606 569 2648 ‘Ne
608 2606 715 2648 forte
754 2608 919 2648 insanai
961 2608 1072 2662 regis
1107 2608 1237 2648 iussio
1267 2606 1494 2662 aliquando

16 2727 43 2761 a)
65 2731 209 2755 constitus
234 2733 259 2755 l.
351 2730 381 2764 b)
407 2741 458 2757 roa:
479 2734 590 2758 iterum
613 2737 635 2757 et
659 2733 768 2764 reliqua
784 2737 848 2764 pose
871 2734 974 2765 pigeat
997 2734 1119 2758 secunda
1143 2739 1228 2757 >nanu
1250 2732 1357 2756 adferta
1380 2735 1444 2756 sune
1470 2734 1495 2756 1.

15 2766 42 2799 c)
55 2768 141 2794 alitia
163 2777 214 2795 om.
240 2772 264 2794 1.
317 2770 347 2803 d)
370 2772 510 2797 cubilarii
536 2774 562 2796 1.
625 2771 653 2804 e)
672 2779 793 2797 cessura
818 2774 842 2798 1.
905 2771 927 2803 f)
942 2777 1057 2797 mentes
1083 2775 1105 2797 1.
1169 2771 1198 2802 g)
1217 2772 1253 2795 ira.
1276 2778 1365 2802 supra
1390 2772 1401 2795 1
1425 2778 1448 2795 c.
1466 2772 1492 2797 9.

14 2806 89 2832 Nam
110 2808 239 2834 infertur
262 2811 286 2835 1.
368 2810 398 2842 h)
422 2812 483 2836 etia
507 2813 531 2835 1.
614 2810 636 2843 i)
660 2812 781 2836 insania
806 2813 829 2837 1.

17 2905 52 2948 1)
79 2906 132 2940 Cf.
160 2908 288 2950 Georg.
315 2909 479 2944 Monach.
511 2910 554 2942 de
583 2910 764 2944 Constant.
792 2910 919 2952 Porph.
950 2920 978 2943 e.
1010 2910 1065 2941 27.

1521 407 1587 432 919.

1519 445 1591 477 Apr.
1605 448 1652 472 27.

1516 1339 1526 1347 '
1540 1342 1695 1370 articuluS.

1514 1838 1523 1847 ‘
1535 1842 1693 1870 articulus.
