1853 3209
194 920 260 945 SSS.

110 959 198 984 Febr.
216 959 258 983 29.

97 1089 262 1115 887—888.

124 2161 258 2196 ·p.281.

276 206 318 235 14
478 204 780 236 LIUDPRANDI
805 204 1149 237 ANTAPODOSIS.
1201 204 1296 236 LIB.
1322 204 1352 236 Ι.
1406 205 1559 236 14—17.

274 314 444 370 quidem
489 313 782 354 callidissimus
826 313 893 354 ille
938 313 1121 354 humano
1162 315 1307 368 generi
1344 314 1554 365 inimicus,
1595 322 1641 356 ut
1682 313 1756 355 ho-

273 371 407 411 mines
450 371 782 425 prevaricatores
827 370 892 409 sui
938 369 1066 410 faciat
1109 370 1370 422 sacramenti,
1416 369 1591 411 celerius
1636 384 1757 424 saga-

272 427 438 481 tiusque
487 424 541 464 ad
590 424 913 478 inrumpendam
961 424 1191 465 amicitiam
1229 423 1403 465 laborat.
1481 424 1608 476 Quod
1653 425 1687 465 si
1731 439 1758 464 a

272 483 411 522 minus
441 489 553 521 recte
585 478 845 534 sapientibus
876 479 927 519 de
957 494 1058 520 vero
1089 479 1370 520 amicitiarum
1400 494 1553 534 genere
1579 494 1755 535 percon-

271 544 423 588 tamur,
453 533 816 589 respondebimus,
848 534 1118 575 concordiam
1147 548 1375 590 veramque
1395 535 1652 577 amicitiama
1672 535 1757 575 nisi

273 593 381 633 inter
410 590 654 632 emendatos
685 604 821 631 mores
844 590 1116 645 eiusdemque
1137 590 1303 630 virtutis
1324 596 1365 630 et
1384 590 1590 646 propositi
1604 591 1620 616 b
1641 591 1757 631 viros

273 656 383 689 stare
412 661 496 687 non
525 660 663 701 posse.

390 704 450 743 15.
496 701 685 755 Contigit
713 702 868 756 itaque,
909 708 1150 755 utrumque,
1181 699 1409 741 Widonem
1441 701 1601 741 scilicet
1629 708 1759 756 atque

273 758 591 813 Berengarium,
631 755 777 797 Karoli
806 756 918 810 regis
958 756 1093 796 funeri
1132 755 1291 796 deesse.
1351 754 1481 796 Cuius
1519 762 1658 796 tamen
1696 757 1759 797 in-

274 815 442 855 teritum
472 812 601 854 Wido
632 820 679 853 ut
709 811 884 863 audivit,
914 811 1095 852 Romam
1125 810 1352 866 profectus,
1387 809 1546 865 absque
1576 810 1757 852 Franco-

274 885 368 910 rum
413 867 585 908 consilio
625 868 754 907 totius
794 866 1000 907 Franciae
1041 867 1283 907 unctionem
1322 867 1509 920 suscepit
1550 866 1758 920 imperiil.

274 925 427 965 Franci
456 924 533 964 itas
547 937 598 963 ue
630 922 867 974 Oddonem,
900 923 1099 977 quoniam
1130 922 1258 962 Wido
1288 922 1446 972 aberat,
1486 935 1631 975 regem
1662 935 1759 962 con-

275 981 467 1021 stituunt.
526 938 810 1033 berengarius
840 992 939 1018 vero
962 978 1159 1020 XVidonis
1181 976 1369 1029 consilio,
1402 975 1758 1032 quemadmodum

277 1037 315 1077 ei
344 1034 613 1076 iureiurando
653 1034 924 1090 promiserat,
963 1033 1100 1074 Italici
1139 1034 1257 1088 regni
1297 1033 1483 1088 suscepit
1520 1033 1759 1087 imperium.

276 1090 406 1134 Wido
437 1098 578 1131 autem
608 1090 831 1130 Franciam
861 1090 978 1144 petit.

391 1147 453 1187 16.
500 1144 694 1201 Cumque
724 1144 1078 1199 Burgundionum
1108 1158 1239 1198 regna
1277 1144 1496 1196 transiens,
1535 1143 1760 1184 Franciam

278 1217 405 1258 quam
435 1202 669 1242 Romanam
710 1201 856 1241 dicunt
894 1201 1057 1255 ingredi
1086 1199 1231 1251 vellet,
1267 1200 1525 1240 Francorum
1556 1199 1693 1239 nuntii
1722 1199 1761 1239 ei

276 1266 513 1309 occurrunt,
546 1272 589 1298 se
618 1257 755 1297 redire
784 1256 1037 1308 nuntiantes,
1078 1270 1127 1296 eo
1160 1254 1272 1310 quod
1301 1254 1427 1310 longa
1466 1254 1760 1309 expectatione

274 1314 452 1368 fatigati,
497 1312 599 1353 dum
643 1313 731 1353 sine
774 1326 874 1366 rege
919 1311 991 1352 diu
1036 1326 1126 1352 esse
1169 1326 1254 1352 non
1296 1318 1488 1365 possent,
1535 1309 1761 1352 Oddonem

276 1369 439 1411 cunctis
478 1367 721 1423 petentibus
762 1366 990 1422 elegerunt.
1049 1367 1201 1408 Fertur
1239 1374 1380 1407 autem
1419 1365 1499 1406 hac
1539 1366 1761 1406 occasione

273 1427 461 1466 Francos
492 1423 720 1466 KVidonem
750 1438 895 1477 regem
925 1422 1005 1464 sibi
1040 1436 1124 1462 non
1162 1422 1461 1476 adsumpsisse.
1519 1421 1629 1462 Nam
1660 1420 1762 1461 dum

274 1480 328 1521 ad
366 1480 601 1520 Metensem
640 1486 843 1519 venturus
884 1486 993 1519 esset
1031 1477 1193 1530 urbem,
1239 1492 1345 1533 quae
1384 1477 1678 1532 potentissima
1717 1477 1762 1517 in

273 1550 403 1591 regno
433 1534 622 1576 Lotharii
651 1533 792 1586 claret,
822 1534 1015 1588 premisit
1044 1532 1280 1588 dapiferum
1307 1547 1441 1583 suum,
1474 1532 1545 1587 qui
1565 1531 1764 1573 alimenta

273 1591 332 1632 illi
371 1605 488 1632 more
527 1591 643 1644 regio
683 1597 941 1644 prepararet.
1000 1588 1200 1630 Metensis
1240 1602 1341 1629 vero
1374 1588 1629 1643 episcopus²
1661 1587 1763 1628 dum

275 1647 433 1689 cibaria
463 1647 500 1687 ei
530 1645 664 1686 multa
693 1644 927 1686 secundum
956 1645 1216 1686 Francorum
1254 1643 1603 1685 consuetudinem
1642 1643 1762 1683 mini-

274 1710 436 1755 straret,
475 1700 719 1742 huiusmodi
749 1715 774 1741 a
804 1700 993 1756 dapifero
1032 1714 1236 1756 responsa
1266 1699 1473 1754 suscepit:
1515 1698 1575 1740 ‘Si
1606 1713 1763 1753 equum

274 1758 420 1800 saltem
462 1758 565 1798 mihi
605 1756 783 1808 dederis,
824 1756 978 1797 faciam
1008 1763 1054 1796 ut
1082 1756 1214 1797 tercia
1244 1754 1436 1796 obsonjic
1476 1754 1602 1795 huius
1641 1761 1761 1809 parte

274 1816 327 1855 sit
365 1828 442 1854 rex
482 1812 609 1853 Wido
652 1813 900 1853 contentus’.
975 1812 1100 1863 Quod
1144 1812 1367 1866 episcopus
1411 1809 1607 1851 audiens:
1652 1809 1763 1850 ‘Non

274 1870 419 1921 decet',
460 1869 609 1923 inquit,
649 1867 787 1909 ‘talem
829 1882 955 1922 super
989 1881 1066 1908 nos
1096 1880 1274 1921 regnare
1313 1880 1469 1920 regem,
1511 1866 1584 1921 qui
1613 1865 1763 1906 decem

275 1925 460 1980 dragmis
489 1923 571 1965 vile
602 1924 682 1965 sibi
713 1923 935 1964 obsonium
966 1924 1188 1978 preparat'.
1231 1922 1388 1977 Sicque
1417 1921 1577 1962 factum
1608 1928 1683 1974 est,
1716 1926 1764 1961 ut

274 1981 503 2022 YVidonem
533 1981 784 2031 desererent,
817 1978 1041 2020 Oddonem
1071 1985 1210 2019 autem
1242 1976 1455 2031 eligerent.

390 2037 453 2078 17.
499 2037 763 2077 Francorum
784 2035 912 2090 igitur
931 2048 1017 2075 non
1036 2048 1187 2088 parum
1207 2032 1336 2074 Wido
1358 2031 1626 2087 perturbatus
1652 2030 1762 2086 lega-

274 2093 475 2145 tionibus,
504 2090 714 2133 nonnullis
745 2090 858 2146 Cepit
887 2088 1214 2144 cogitationibus
1245 2088 1440 2141 aestuari,
1479 2094 1566 2128 tam
1598 2101 1651 2128 ex
1680 2087 1763 2128 Ita-

274 2147 355 2189 lico
384 2162 512 2203 regno
541 2147 799 2201 Berengario
830 2144 1100 2186 iureiurando
1127 2145 1350 2200 promisso,
1381 2158 1507 2198 quam
1528 2157 1583 2184 ex
1602 2143 1763 2183 *Fran-

276 2217 423 2244 corum
442 2203 676 2257 presertim,
699 2201 813 2257 quod
834 2201 1030 2257 poenitus
1052 2215 1095 2242 se
1116 2215 1201 2241 non
1221 2214 1346 2255 posse
1368 2200 1548 2240 sciverat
1571 2197 1762 2253 adipisci.

275 2260 390 2300 Inter
419 2266 641 2314 utramque
671 2266 813 2299 autem
850 2256 958 2297 hano
997 2257 1316 2307 aestuationem,
1352 2255 1551 2310 quoniam
1580 2255 1763 2294 Franco-

274 2329 370 2355 rum
412 2328 488 2355 rex
532 2328 623 2355 esse
662 2313 885 2369 nequibat,
925 2312 1118 2367 frangere
1158 2311 1271 2367 quod.
1310 2310 1567 2365 Berengario
1605 2308 1765 2350 fecerat

276 2369 567 2411 iusiurandum
607 2368 832 2421 deliberat3
875 2366 1132 2423 collectoque
1169 2373 1296 2422 prout
1324 2366 1463 2421 potuit
1493 2365 1681 2406 exercitu
1708 2390 1762 2394 —

275 2432 462 2467 traxerat
500 2439 599 2465 sane
629 2432 670 2465 et
698 2438 723 2464 a
759 2424 936 2465 Francis
976 2423 1190 2478 quandam
1228 2421 1441 2462 affinitatis
1479 2419 1660 2462 lineam⁸
1694 2446 1761 2472 ——,

278 2554 306 2583 a)
331 2552 522 2577 amicititiam
547 2553 571 2577 1.
651 2549 681 2582 b)
705 2550 861 2582 proposito
886 2551 911 2575 1.
993 2547 1019 2580 c)
1046 2549 1174 2573 obsonat
1197 2549 1221 2572 1.
1244 2549 1272 2574 2.

281 2656 315 2693 1]
343 2657 449 2690 Wido
478 2667 643 2689 coronam
669 2655 888 2698 imperialem
916 2665 1007 2686 anno
1035 2654 1103 2686 891
1133 2654 1189 2685 die
1212 2654 1270 2685 21.
1290 2652 1475 2684 Februarii
1501 2652 1631 2684 mensis
1658 2660 1760 2683 acee-

278 2707 341 2748 pit,
362 2716 528 2738 coronarn
546 2705 720 2736 Franciae
741 2703 972 2736 occidentalis
991 2713 1023 2735 a.
1042 2702 1111 2733 888
1131 2701 1351 2744 Lingonibus
1369 2701 1405 2731 in
1422 2701 1519 2732 urbe.
1613 2698 1648 2741 2)
1662 2699 1763 2731 Tunc

278 2753 515 2787 Ruodbertus.
566 2753 638 2786 Sed
664 2752 861 2784 Metensem
895 2762 1006 2793 usque
1042 2751 1298 2791 Lotharingiae
1324 2749 1458 2789 urbem,
1483 2747 1591 2780 Wido
1618 2748 1762 2780 minime

279 2813 484 2844 progressus
521 2805 585 2834 est.
733 2799 772 2842 3)
806 2800 859 2832 Cf.
895 2800 985 2831 infra
1020 2800 1087 2838 ΙΙΙ,
1124 2810 1153 2831 c.
1181 2799 1247 2838 4⁴23
1285 2798 1348 2837 IV,
1384 2808 1414 2828 c.
1443 2797 1475 2830 6.
1504 2796 1561 2830 22.
1597 2795 1762 2829 Valesius

281 2851 447 2891 (Carmen
473 2851 726 2893 panegyricum
753 2850 961 2890 Berengarii
988 2860 1023 2890 p.
1052 2846 1137 2889 155)
1172 2847 1265 2878 hunc
1299 2846 1416 2878 locum
1442 2849 1539 2878 recte
1572 2846 1623 2877 ita
1653 2845 1762 2877 inter-

279 2904 453 2941 pretatur:
481 2899 549 2930 hoc
577 2902 629 2930 est
655 2897 770 2929 affinis
796 2898 1013 2929 Francorum
1040 2906 1162 2938 regum
1190 2899 1275 2927 erat.
