1878 3201
168 420 234 447 940.

183 921 233 955 (2.)

171 1860 235 1886 940.

41 2088 116 2114 Isai.
141 2087 187 2121 36,
211 2088 237 2114 6.

247 185 313 217 102
462 183 762 216 LIUDPRANDI
788 182 1130 215 ANTAPODOSIS.
1183 182 1277 214 LIB.
1305 182 1346 213 V.
1399 182 1505 213 3—5.

246 294 404 336 tudinis
435 300 596 335 cometa
626 293 834 348 apparuit,
864 293 1019 333 nimiae
1057 292 1321 347 proceritatis
1351 291 1496 346 igneos
1537 305 1592 331 ex
1630 304 1721 331 sese

247 350 386 391 radios
429 348 622 401 fundens,
667 347 988 389 subsecuturam
1024 361 1109 387 11011
1147 346 1276 387 multo
1317 353 1413 400 post
1447 345 1601 387 famem
1630 359 1723 401 por-

249 405 437 457 tendens,
469 419 575 459 quae
606 402 897 457 magnitudine
928 404 993 443 sui
1022 403 1173 443 misere
1203 402 1394 443 vastabat
1423 400 1627 443 Italiam1.

359 461 398 503 3.
456 459 521 500 Ea
571 458 780 513 siquidem
836 462 1108 512 tempestate,
1161 457 1345 512 Hugone
1396 471 1495 512 rege
1550 456 1726 510 turpiter

248 514 437 571 expulso,
486 513 731 565 Albericus,
792 519 838 553 ut
885 511 1036 566 prefati
1084 526 1246 564 sumus,
1300 512 1488 553 Romane
1543 511 1725 552 civitatis

248 570 535 611 monarchiam
565 567 793 610 obtinebat.
854 567 992 619 Quem
1024 582 1100 608 rex
1129 567 1258 621 Hugo
1290 568 1511 622 quotannis
1541 566 1728 621 graviter

250 624 527 680 opprimebat,
559 623 700 679 gladio
738 628 778 663 et
816 623 914 677 igne
955 637 1063 677 quae
1102 628 1266 677 poterat
1304 624 1500 664 universa
1538 635 1729 663 consum-

248 695 368 721 mans
382 687 412 732 ³,
443 679 548 720 adeo
577 686 624 720 ut
654 678 841 719 civitates
872 683 1013 732 preter
1049 677 1241 729 Romam,
1278 678 1323 717 in
1349 692 1431 732 qua
1466 679 1556 733 ipse
1587 690 1730 718 conse-

250 735 381 786 derat,
414 748 559 775 omnes
589 734 781 775 auferret.
852 732 937 774 Sed
977 740 1018 774 et
1055 733 1192 788 ipsam
1232 732 1320 774 sine
1359 731 1489 773 dubio
1529 747 1627 773 cum
1663 731 1731 773 de-

250 789 495 845 populando
532 796 621 830 tum
661 789 773 829 cives
812 789 1056 829 muneribus
1101 787 1409 843 corrumpendo
1455 789 1731 842 conquireret,

249 845 331 886 nisi
362 844 502 886 oculta
530 845 630 885 iusti
660 844 727 885 dei
757 842 814 884 illi
846 843 1081 885 sententiab
1112 843 1365 898 prohiberet.

360 902 401 940 4.
459 901 542 941 Per
579 899 648 940 idc
688 907 853 954 tempus
894 899 1208 953 Berengariusd
1249 906 1376 953 atque
1415 898 1646 938 Anscarius
1688 897 1733 937 in

249 954 373 996 Italia
402 954 549 997 fratres
581 954 809 1007 clarebant,
838 968 922 995 uno
949 954 1117 1009 quidem
1140 961 1270 1009 patre,
1301 953 1531 995 Adelberto
1564 951 1732 1004 scilicet,

250 1011 490 1066 Eporegiae
521 1010 702 1052 civitatis
732 1009 988 1060 marchione,
1019 1009 1093 1050 sed
1122 1023 1207 1049 non
1236 1023 1321 1050 una
1349 1016 1481 1050 matre
1511 1008 1733 1063 progeniti.

248 1066 556 1120 Berengarium
585 1065 756 1118 scilicet,
795 1066 856 1106 uti
897 1064 1047 1120 prefati
1085 1079 1230 1105 sumus
1246 1072 1272 1118 2,
1315 1063 1446 1116 Gisla,
1486 1063 1734 1118 Berengarii

250 1122 362 1176 regis
384 1120 481 1173 filia,
512 1121 766 1162 Anscarium
786 1126 929 1162 autem
950 1120 1285 1175 Hei-mengarda,
1314 1119 1534 1161 Adelberti
1553 1119 1734 1160 Tusciae

249 1177 496 1232 provinciae
527 1176 794 1229 marchionis,
826 1191 952 1231 quam
983 1191 1037 1217 ex
1056 1176 1197 1227 Berta,
1228 1176 1339 1230 regis
1359 1175 1556 1230 Hugonis
1578 1173 1734 1215 habue-

248 1239 314 1274 rat
344 1231 442 1285 filia,
486 1232 664 1287 peperit.
734 1231 925 1283 Quorum
965 1231 1246 1286 Berengarius
1288 1230 1474 1272 consiliis
1514 1229 1732 1285 providus,

250 1288 420 1341 ingenio
444 1286 632 1339 callidus,
648 1286 881 1328 Anscarius
897 1301 998 1327 vero
1015 1287 1069 1327 ad
1087 1286 1306 1342 quodlibet
1321 1286 1482 1326 facinus
1499 1290 1735 1341 promptus.

251 1343 389 1394 Quem
419 1348 460 1383 et
488 1357 566 1383 rex
594 1342 722 1397 Hugo
752 1343 876 1383 nimis
915 1348 1161 1396 suspectum
1200 1342 1415 1393 habuerat,
1454 1356 1507 1381 ne
1545 1355 1588 1381 se
1628 1341 1736 1381 occi-

250 1397 394 1439 derete
426 1411 475 1438 ac
506 1411 686 1452 regnum
717 1396 885 1438 sibimet
906 1398 1123 1451 optineret.
1175 1396 1361 1437 Consilio
1383 1397 1525 1451 itaque
1546 1402 1735 1450 accepto,

251 1453 349 1508 quia
395 1452 663 1494 Tedbaldusf
708 1452 892 1492 marchio
938 1453 1151 1493 hominem
1195 1452 1376 1503 exierat,
1423 1450 1737 1506 Spoletinorum

251 1522 348 1549 eum
392 1522 442 1548 ac
489 1508 811 1549 Camerinorum
856 1507 1073 1548 constituit
1111 1507 1408 1559 marchionem,
1454 1507 1649 1562 quatinus
1686 1519 1735 1546 eo

250 1563 440 1604 securius
470 1564 644 1616 viveret,
678 1577 760 1618 quo
791 1562 958 1617 longius
988 1563 1099 1603 hunc
1126 1562 1179 1603 ab
1203 1577 1293 1603 sese
1315 1568 1624 1617 sequestratum
1644 1575 1736 1602 esse

250 1625 537 1673 cognosceret.
598 1618 693 1670 Quo
725 1618 825 1659 dum
855 1618 1068 1673 profectus
1100 1625 1221 1670 esset,
1262 1618 1324 1659 uti
1364 1618 1494 1658 animi
1523 1617 1736 1672 inpaciens

251 1680 352 1726 erat,
387 1673 585 1730 quicquid
616 1689 669 1715 ex
699 1689 799 1728 rege
830 1673 928 1714 mali
960 1673 1184 1729 cogitando
1222 1687 1340 1714 mens
1380 1674 1419 1714 ei
1457 1679 1736 1728 suggesserat,

250 1744 391 1770 rerum
423 1730 554 1784 signis
586 1730 784 1770 continuo
816 1727 1069 1771 declarabat.
1140 1728 1267 1781 Quod
1296 1728 1526 1783 Hugonem
1565 1728 1736 1769 minime

250 1783 387 1826 latuit.

363 1841 402 1880 Ξ).
461 1839 595 1894 Igitur
626 1839 738 1895 quod
775 1840 1009 1881 remedium
1049 1839 1148 1881 huic
1188 1838 1416 1894 egritudini
1455 1838 1554 1880 dare
1593 1845 1737 1894 posset

252 1895 512 1950 excogitans,
545 1894 779 1936 Sarlionem
809 1895 863 1935 ad
894 1910 948 1948 se,
978 1895 1361 1949 Burgundionumvfi-r
1401 1909 1455 1935 ex
1489 1900 1613 1949 gente
1674 1907 1736 1937 ro-

252 1951 483 2005 genitum3,
527 1950 718 1991 advocat.
789 1950 869 1992 Cui
900 1958 940 1992 et
970 1951 1048 1991 ait:
1099 1950 1435 1992 ‘Camerinorum
1473 1963 1522 1990 ac
1559 1949 1646 2005 Spo
1665 1950 1738 1990 eti-

252 2020 404 2046 norum
441 2005 659 2046 hominum
697 2020 783 2046 non
823 2012 884 2046 cst
923 2005 1027 2046 mihi
1063 2006 1167 2047 fides
1206 2006 1431 2060 incognita.
1504 2004 1584 2045 Est
1625 2005 1737 2045 enim

254 2060 414 2102 calamo
446 2060 606 2114 similis,
638 2062 705 2101 cui
736 2063 770 2102 si
800 2061 961 2102 innisus
991 2061 1115 2102 fuerit
1144 2061 1283 2114 homo,
1314 2059 1546 2116 perforabit
1565 2074 1736 2100 manum

253 2117 354 2158 eius.
413 2116 534 2157 Vade
577 2117 730 2172 itaque,
775 2123 901 2172 atque
937 2131 961 2157 a
1000 2131 1067 2157 me
1108 2123 1302 2171 suscepta
1342 2116 1536 2171 pecunia,
1579 2122 1739 2157 mentes

254 2186 401 2213 eorum
432 2186 669 2227 corrumpe,
701 2172 753 2213 ab
784 2173 981 2213 Anscarii
1010 2171 1232 2213 dilectione
1263 2186 1334 2212 eos
1375 2184 1535 2223 amove,
1575 2170 1737 2226 tibique

255 2228 477 2283 coniunge.
551 2228 612 2269 Te
657 2241 779 2269 nemo
825 2234 887 2268 est
932 2229 1004 2283 qui
1042 2228 1205 2282 possith
1234 2227 1385 2277 facere,
1433 2240 1528 2267 cum
1574 2226 1736 2279 melius,

254 2290 345 2324 tum
375 2283 652 2324 commodius.
712 2283 857 2324 Habes
898 2285 1009 2324 enim
1049 2282 1161 2323 illius
1190 2281 1412 2334 Tedbaldi,
1450 2282 1535 2322 mei
1573 2282 1737 2336 nepotis

255 2338 441 2380 defuncti
485 2339 634 2394 optimi
678 2339 945 2391 marchionis,
990 2353 1179 2390 uxorem,
1225 2339 1343 2379 cuius
1392 2336 1560 2377 auxiliis
1608 2336 1738 2378 fretus

255 2400 433 2435 cunctus
454 2394 509 2434 ad
528 2400 569 2434 te
597 2394 739 2435 veniet
768 2393 974 2449 populus'.
1017 2393 1237 2435 Profectus
1259 2394 1453 2447 denique,
1482 2391 1594 2433 haud
1618 2406 1738 2434 secus

253 2457 380 2504 atque
410 2464 488 2490 rex
518 2449 761 2504 predixerat
792 2449 1111 2490 Camerinorum
1143 2463 1191 2488 ac
1214 2448 1527 2503 Spoletinorum
1553 2446 1736 2502 populus

255 2505 353 2560 egit.
414 2504 682 2559 Congregata
711 2505 854 2560 itaque
885 2504 1164 2556 multitudine,
1196 2504 1251 2545 ad
1281 2518 1373 2544 eam
1403 2504 1447 2543 in
1478 2517 1559 2558 qua
1580 2501 1738 2543 Ansca-

255 2561 342 2601 rius
374 2566 462 2601 erat
491 2561 702 2601 civitatem
734 2574 959 2615 properare
989 2560 1195 2601 festinati.
1263 2558 1388 2610 Quod
1429 2572 1523 2598 cum
1554 2558 1739 2600 audisset

257 2642 286 2675 a)
303 2645 322 2669 i.
347 2652 369 2669 e.
394 2651 586 2669 consumens.
644 2643 674 2675 b)
691 2645 789 2669 sentia
804 2646 829 2669 1.
884 2643 910 2676 c)
926 2644 1005 2668 idem
1027 2651 1101 2669 corr.
1124 2643 1153 2667 id
1170 2644 1194 2667 1.
1247 2642 1276 2673 d)
1292 2642 1525 2673 bererengarius
1544 2643 1569 2668 1.
1623 2640 1650 2674 e)
1665 2643 1741 2667 occi-

257 2683 328 2708 dere
353 2684 374 2708 1.
460 2683 482 2715 f)
506 2683 644 2708 tebaldus
668 2684 692 2707 1.
776 2682 805 2714 g)
829 2683 1012 2707 burdionum
1037 2684 1062 2709 1.
1143 2681 1174 2714 h)
1198 2682 1310 2713 posscit
1333 2683 1359 2706 1.
1441 2680 1463 2713 i)
1486 2681 1610 2706 festinet
1632 2682 1658 2707 1.

261 2758 296 2797 1)
326 2757 378 2790 Cf.
406 2757 552 2790 Widuk.
572 2759 609 2790 11
637 2768 667 2789 c.
688 2757 742 2797 26,
769 2758 858 2789 Ann.
881 2757 1004 2790 Colon.
1025 2757 1107 2789 940.
1209 2755 1247 2797 2)
1267 2756 1320 2788 Cf.
1349 2766 1452 2798 supra
1471 2756 1508 2788 11
1537 2766 1566 2787 c.
1586 2756 1643 2788 33.
1672 2756 1734 2797 56;

259 2805 310 2837 IV
338 2816 368 2840 e.
400 2807 429 2837 7.
531 2805 569 2848 3)
598 2806 709 2839 sarilo
739 2807 875 2838 comitis
902 2805 1025 2848 palatii
1052 2815 1193 2838 munere
1220 2809 1302 2837 tunc
1329 2804 1552 2846 fungebatur.
