1902 3200
371 281 671 313 LIUDPRANDI
697 282 1037 316 ANTAPODOSIS.
1089 285 1181 318 LIB.
1210 287 1253 319 V.
1511 291 1555 322 99

81 404 164 445 qua
193 389 438 445 aliquandiu
475 396 768 444 commoratus,
805 392 1072 434 miseratione
1109 394 1220 448 regis
1260 395 1452 449 dignitati
1494 406 1555 439 est
1571 415 1638 442 939.

79 446 279 500 pristinae
309 446 536 487 restitutus.

187 501 252 541 34.
310 501 538 542 Heim⁴icus
568 500 748 556 denique
778 502 902 557 regis,
932 502 1073 543 fratris
1105 501 1266 544 seilicet
1291 505 1368 556 sui,
1400 512 1555 547 terrore

76 556 352 605 exanimatus,
383 556 427 596 in
457 555 672 597 castellum
703 556 908 597 vocabulo
936 556 1238 612 Capraemons,
1270 559 1448 613 ingeniis
1472 576 1555 602 non

75 609 210 650 solum
239 610 457 651 hominum
487 626 634 652 verum
660 617 809 652 natura
828 612 921 667 ipsa
940 613 1150 653 munitum
1166 621 1193 665 ¹,
1224 614 1387 667 ingredi
1408 615 1553 658 voluit.

75 664 200 716 Quod
231 679 348 706 soror
377 667 478 718 eius,
510 666 637 707 vidua
667 666 862 708 videlicet
893 666 1133 720 Gisleberti,
1163 682 1430 722 prenoscens,
1468 686 1553 711 non

72 720 206 761 solum
235 735 287 762 ne
317 721 360 762 id
390 721 528 762 facero
559 729 701 777 posset
729 722 957 777 prohibuit,
993 737 1140 763 verum
1176 722 1419 766 huiusmodi
1457 741 1553 767 eum

73 776 336 817 sermonibus
367 777 585 818 convenit:
643 777 756 818 ‘Pi-o!
802 792 885 818 non
929 784 1012 819 tete
1055 778 1320 819 miseriarum
1364 794 1552 822 mearum

71 830 196 884 tedet,
229 845 333 886 quas
364 832 542 887 coniuge
572 833 824 888 interempto
855 833 1079 888 perpetior,
1112 833 1193 874 nisi
1223 834 1348 875 etiam
1378 836 1481 876 meis
1512 842 1551 877 to

70 886 112 926 in
142 887 453 928 municionibus
484 886 744 928 occludendo
774 889 885 942 regis
915 889 1020 929 iram
1052 902 1177 943 super
1206 890 1422 944 regionem
1443 891 1551 932 hanc

71 941 187 983 velut
216 956 370 997 aquam
401 942 624 982 effundas?
672 942 767 983 Non
797 943 939 995 feram,
981 958 1064 984 non
1093 944 1242 999 patiar,
1281 960 1364 986 non
1394 946 1550 999 sinam;

70 1010 154 1037 non
184 1004 299 1038 tanta
328 997 526 1038 vecordia
565 997 691 1037 michi
731 999 874 1038 innata
911 999 1045 1050 inerit,
1086 1006 1131 1039 ut
1169 1014 1222 1039 ex
1258 1001 1363 1042 meis
1394 1002 1550 1043 incom-

69 1051 205 1092 modis
235 1058 307 1092 tua
337 1066 556 1106 compares
579 1052 826 1093 commoda'.

180 1107 244 1147 35.
304 1106 384 1147 His
434 1107 659 1147 Heinricus
709 1107 875 1158 auditis,
926 1121 1022 1147 cum
1069 1107 1184 1147 aliud
1233 1109 1346 1162 quod
1394 1110 1551 1153 faceret

65 1161 292 1216 ignoraret,
322 1160 557 1216 adsumptis
589 1176 745 1213 secum,
779 1176 959 1216 quorum
990 1162 1173 1217 presidio
1204 1162 1433 1217 iuvaretur,
1461 1167 1549 1220 qui—

67 1215 247 1257 busdam
278 1217 501 1272 episcopis,
533 1217 600 1258 die
631 1217 814 1272 quadam
844 1216 968 1257 nudis
999 1216 1180 1272 pedibus
1210 1219 1323 1273 regis
1344 1220 1398 1261 ad
1418 1220 1550 1276 pedes

66 1271 158 1326 ipso
178 1272 398 1327 ignorante
419 1273 622 1328 pervenit,
654 1271 920 1327 supplexque
941 1272 1275 1313 misericordiam
1296 1274 1548 1329 imploravit.

67 1327 147 1368 Cui
167 1342 265 1368 rex:
297 1326 559 1382 ‘Indignum',
590 1328 739 1383 inquit,
772 1327 948 1368 ‘facinus
976 1335 1093 1369 tuum
1114 1328 1444 1371 misericordiam
1465 1346 1550 1372 non

64 1390 259 1424 meretur.
318 1383 477 1423 Verum
508 1383 608 1438 quia
636 1383 760 1424 video
791 1390 831 1424 te
862 1382 1126 1424 humilia-tum
1165 1398 1305 1425 coram
1343 1400 1423 1438 me,
1464 1402 1548 1428 non

63 1436 262 1479 inducam
293 1436 451 1478 malum
482 1453 608 1493 super
638 1440 701 1479 te'.
760 1438 890 1479 Iussit
919 1439 1060 1493 itaque
1097 1453 1193 1479 eum
1229 1454 1306 1480 rex
1343 1441 1396 1481 ad
1434 1442 1546 1496 pala-

63 1493 167 1534 tium
198 1508 335 1545 suum,
367 1493 480 1548 quod
510 1494 553 1533 in
582 1493 764 1533 Francia
792 1494 836 1534 in
865 1493 957 1534 loco
987 1494 1058 1548 qui
1085 1494 1371 1548 Ingelenheim
1393 1496 1546 1539 dicitur

64 1549 362 1589 constitutuma
412 1554 474 1588 est
487 1556 514 1600 2,
566 1548 791 1603 proficisci,
852 1547 1093 1603 sollertique
1151 1548 1269 1590 illum
1326 1551 1369 1591 vi
1393 1551 1546 1594 flantia

42 1603 276 1655 custodiri,
309 1603 449 1659 quoad
478 1604 565 1644 irae
594 1610 755 1644 remota
775 1603 994 1659 paululum
1016 1604 1264 1659 egritudine,
1297 1566 1398 1661 quid
1419 1622 1628 1664 super941.

64 1672 112 1699 eo
143 1658 311 1710 faceret,
342 1659 578 1712 sapientum
609 1658 780 1700 consilio
812 1659 1016 1700 definiret.

182 1748 455 1791 EXPLICIT
484 1749 661 1790 LIBER
692 1749 966 1801 QUARTUS
999 1749 1124 1791 DEO
1147 1749 1425 1794 GRATIAS.

269 1923 572 1966 INCIPIUNT
604 1924 901 1966 CAPITULA
930 1924 1089 1966 LIBRI
1121 1925 1339 1977 QUINTI.

146 2017 180 2057 1.
228 2014 419 2068 Qualiter
467 2015 753 2057 Herimannus
804 2015 1039 2058 Suevorum
1088 2016 1178 2057 dux
1225 2016 1412 2058 Liutulfo
1457 2017 1541 2059 filio

225 2071 337 2125 regis
366 2069 496 2111 filiam
526 2085 646 2111 suam
675 2072 845 2113 nomine
874 2072 983 2113 Itam
1014 2072 1235 2127 coniugem
1266 2072 1396 2113 daret.

224 2126 292 2167 De
323 2125 470 2182 eclipsi
501 2125 599 2167 solis
629 2132 670 2168 et
699 2127 961 2182 apparitione
993 2133 1192 2169 cometae.

223 2181 291 2222 De
321 2196 370 2222 eo
402 2181 515 2236 quod
545 2196 621 2222 rex
645 2181 775 2237 Hugo
796 2183 975 2223 Romam
1005 2183 1229 2238 quotannis
1261 2190 1541 2238 oppresserat.

224 2236 292 2278 De
322 2236 581 2291 Berengario
619 2243 659 2278 et
694 2238 901 2278 Anscario
932 2237 1144 2290 fi'atribus,
1175 2252 1353 2293 quorum
1383 2238 1542 2279 Ansca-

222 2292 333 2332 rium
381 2293 426 2332 in
474 2291 698 2333 Camerino
748 2300 789 2334 et
821 2291 1011 2348 Spoleto
1060 2293 1343 2334 marchionem
1389 2294 1540 2335 consti-

224 2352 372 2388 tuerat.

113 2401 180 2443 *5.
225 2402 292 2443 De
324 2401 511 2444 Serlione
542 2417 668 2458 quem
698 2418 775 2444 rex
795 2402 925 2458 Hugo
957 2408 1102 2444 contra
1121 2401 1373 2444 Anscarium
1401 2403 1686 2459 mittst,·p‚32⁷.

225 2464 265 2499 et
294 2457 346 2499 de
375 2457 517 2499 verbis
547 2458 782 2499 Anscariib.

139 2513 176 2554 6.
221 2513 289 2554 De
318 2513 430 2555 bono
462 2513 636 2555 consilio
667 2513 882 2555 Wikberti
920 2514 1021 2555 boni
1058 2513 1213 2566 militis,
1253 2520 1293 2554 et
1323 2512 1433 2554 malo
1462 2513 1538 2554 Ar-

224 2567 320 2610 codi
350 2568 449 2609 mali
479 2568 622 2610 militis
635 2577 662 2610 ⁰.

140 2126 180 2278 ῬΡΟΕὉ

59 2672 87 2706 a)
112 2675 250 2701 costitum
274 2677 299 2701 1.
461 2674 491 2707 b)
516 2677 656 2707 hucusque
687 2676 768 2700 indes:
796 2676 898 2700 codicis
920 2676 946 2700 3.
976 2676 1056 2700 cuius
1085 2679 1176 2700 tamen
1199 2679 1290 2700 eea-rus
1312 2676 1429 2700 nonnisi
1449 2676 1538 2707 capite

60 2713 94 2737 18
110 2714 224 2745 finitur.
308 2712 334 2747 c)
358 2715 499 2746 hucusque
516 2715 613 2746 prima
634 2722 730 2744 manu,
756 2715 865 2746 reliqua
888 2714 987 2739 indicis
1009 2715 1103 2746 capita
1126 2722 1212 2739 manu
1233 2715 1354 2739 secunda
1379 2717 1405 2739 1.

58 2797 94 2841 1)
123 2799 355 2834 Chevremont
380 2812 488 2844 prope
514 2802 699 2841 Leodium,
727 2801 916 2834 Gisleberti
943 2804 1104 2834 castrum.
1205 2799 1242 2842 2)
1272 2800 1325 2833 Cf.
1345 2801 1538 2843 Reginonis

59 2848 185 2880 contin.
213 2849 295 2882 941.
338 2849 586 2893 Liudprandus
615 2851 671 2882 1110
697 2851 847 2892 priorem
867 2849 1028 2882 Heinrici
1046 2850 1302 2882 subiectionem
1322 2859 1400 2881 cum
1419 2853 1536 2892 poste·

55 2896 138 2928 riori
165 2897 332 2930 confudit.

1188 2963 1228 2975 5¹¹·

1192 2974 1201 2994 ὀ
