1902 3200
230 174 531 208 LIUDPRANDI
557 172 900 205 ANTAPODOSIS.
953 173 1047 205 LIB.
1076 173 1144 204 ΙΙΙ.
1198 173 1352 206 24-25.
1472 176 1516 207 63

66 290 103 326 st
147 286 410 340 imperatore.
439 291 442 294 '
468 283 557 324 Nec
600 289 683 324 tam
729 296 805 338 pro
849 283 910 323 rei
953 283 1138 323 novitate
1182 290 1255 322 aut
1298 297 1517 325 munerum

86 339 343 395 agnitudine,
373 346 574 394 quantum
606 340 817 394 quoniam,
848 337 949 378 dum
979 337 1164 392 prefatus
1185 337 1349 391 genitor
1370 338 1518 379 Tessa-

57 397 220 436 onicam
250 395 444 446 venisset,
477 393 726 435 Selavorum
767 392 951 448 quidam,
1002 392 1073 447 qui
1113 391 1288 432 rebelles
1327 392 1518 434 Romano

57 450 283 506 mperatori
303 450 526 491 extiterant
546 456 784 504 terramque
806 449 896 489 eius
918 445 1244 503 depopulabant,
1276 461 1402 502 super
1423 463 1518 489 eum

43 507 263 547 'rx-uerunt.
318 504 477 545 Verum
507 503 576 544 dei
605 511 745 545 actum
777 511 840 544 est
869 503 1037 558 pietate,
1069 508 1115 543 ut
1136 502 1218 543 duo
1241 517 1384 543 corum
1408 505 1520 559 prin-

42 561 157 616 cipes
187 560 286 612 vivi,
315 558 524 600 nonnullis
564 560 753 612 mortuis,
793 565 1054 614 caperentur.
1128 558 1246 609 Quos
1286 557 1387 599 dum
1427 574 1519 614 pre-

40 622 221 658 sentaret
249 615 504 670 imperatori,
534 616 725 656 inmensa
754 622 815 657 est
852 614 1026 655 affectus
1064 613 1243 665 laeticia,
1281 627 1520 670 magnoque

40 671 93 712 ab
125 685 173 712 eo
213 671 378 724 genitor
418 685 589 712 munere
630 670 764 722 datus,
804 669 858 710 ad
899 669 1124 724 Hugonem
1164 683 1320 723 regem,
1363 669 1435 724 qui
1476 684 1519 711 se

38 727 145 768 istuc
175 726 502 778 transmiserata,
534 725 657 766 rediit
693 725 838 766 laetus.
910 725 1012 766 Post
1050 724 1232 765 reditum
1273 738 1374 765 vero
1415 725 1518 778 eius,

38 782 183 836 paucis
221 781 476 836 interpositis
518 780 689 833 solibus,
728 780 901 835 langore
942 786 1171 835 correptus,
1217 780 1518 821 monasterium

38 837 159 892 petiit
202 844 456 892 sanctaeque
500 837 830 878 conversationis
876 836 1065 878 habitum
1106 835 1304 890 sumpsit3
1349 836 1392 876 in
1437 850 1518 892 quo

71 900 135 933 ost
165 891 253 933 dies
283 892 369 933 XV
398 899 600 943 mortuus,
645 907 712 933 me
756 891 932 947 parvulo
977 890 1176 933 derelicto
1222 891 1421 946 migravit
1463 891 1518 932 ad

38 907 270 989 Hominum.
335 948 459 988 Nunc
499 954 637 988 autem
680 948 875 1001 quoniam
924 947 1188 1001 imperatoris
1230 949 1428 999 Ρομανοῦ,
1474 946 1517 987 id

38 1010 100 1044 est
128 1003 319 1055 Romani,
351 1003 507 1044 mentio
546 1004 655 1043 facta
686 1009 760 1053 est,
803 1002 895 1057 quis
933 1002 1059 1043 fuerit
1097 1001 1330 1057 qualiterve
1360 1002 1413 1042 ad
1443 1002 1517 1042 im-

37 1058 143 1114 perii
184 1056 349 1098 culmen
387 1058 640 1112 pervenerit,
686 1057 754 1097 hic
798 1072 883 1098 non
928 1056 1159 1099 absurdum
1206 1057 1307 1097 mihi
1352 1056 1519 1098 videtur

36 1115 218 1155 inserere
232 1113 262 1154 b.

148 1180 212 1222 25.
256 1180 496 1235 Imperante
516 1180 670 1233 Leone,
693 1180 960 1221 Constantini
978 1179 1101 1220 huius
1117 1180 1317 1235 genitore,
1337 1183 1518 1232 Ρομανος
1535 1193 1589 1227 (6.)

36 1236 264 1291 imperator
292 1237 382 1288 iste,
427 1250 684 1291 quamquam
726 1236 891 1287 πτοχός,
932 1236 1120 1291 ptochos,
1161 1234 1205 1276 id
1244 1241 1307 1277 est
1345 1251 1519 1291 pauper,

36 1293 89 1334 ab
121 1291 486 1333 omnibus-tamen
516 1292 729 1347 χρήσιμος,
771 1291 1003 1344 chrisimos,
1044 1290 1088 1331 id
1129 1297 1191 1332 est
1228 1290 1354 1343 utilis,
1396 1292 1520 1334 habe-

35 1345 203 1390 batur1.
261 1347 365 1388 Erat
393 1353 532 1388 autem
563 1362 616 1388 ex
646 1346 931 1389 mediocribus
962 1347 1079 1402 ipsis,
1112 1347 1182 1402 qui
1214 1347 1355 1388 navali
1375 1363 1521 1403 pugna

37 1402 246 1458 stipendia
289 1402 342 1443 ab
385 1402 638 1457 imperatore
682 1408 946 1458 acceperant.
1019 1403 1104 1454 Qui
1151 1417 1247 1443 cum
1297 1404 1439 1459 sepius
1479 1412 1520 1446 et

36 1460 187 1500 iterum
218 1473 276 1507 εις
305 1473 377 1509 την
409 1473 550 1510 μαχην,
591 1459 626 1499 15
665 1459 726 1499 tin
757 1459 937 1510 machin,
978 1457 1021 1498 id
1058 1464 1120 1499 cst
1149 1458 1193 1498 in
1222 1473 1380 1514 pugna,
1417 1474 1518 1500 non-

36 1513 150 1556 nulla
178 1515 476 1568 χρησιμότατα,
509 1513 808 1567 chrisimotata,
840 1513 884 1554 id
915 1520 977 1555 est
1015 1513 1144 1566 utilia,
1185 1514 1350 1567 faceret,
1382 1530 1405 1556 a
1437 1515 1518 1556 sibi

36 1570 252 1626 preposito
282 1569 387 1611 adeo
427 1573 602 1622 ετιμηθη
617 1577 644 1622 ⁰,
681 1569 795 1619 ὅπως
827 1573 1157 1626 προτοκαραβος,
1199 1570 1375 1611 etimithi
1414 1585 1518 1626 opos

35 1632 347 1681 protocaravos,
388 1625 430 1666 id
468 1633 530 1666 est
559 1625 787 1667 honoratus
827 1631 901 1678 est,
942 1632 987 1666 ut
1026 1625 1185 1680 primus
1215 1626 1389 1666 navium
1426 1627 1517 1668 fieri

36 1687 279 1722 mereretur.
339 1680 534 1732 Quadam
564 1688 704 1722 autem
734 1688 869 1733 nocte,
914 1680 1015 1721 dum
1046 1679 1312 1735 exploratum
1345 1680 1518 1723 Sarace-

34 1751 110 1778 nos
139 1736 284 1788 abiret,
314 1743 506 1791 essetque
537 1736 756 1777 eodem-in
786 1735 879 1777 loco
911 1735 1032 1791 palus
1062 1743 1189 1791 atque
1219 1736 1518 1779 arundinetum

35 1806 119 1833 non
149 1792 376 1844 modicum,
416 1792 593 1846 contigit
630 1791 793 1833 leonem
830 1790 1138 1832 ferocissimum
1180 1806 1233 1833 ex
1270 1792 1518 1835 arundineto

35 1846 237 1904 prosilire,
269 1860 574 1903 cervorumque
604 1846 915 1889 multitudinem
955 1847 999 1887 in
1038 1845 1237 1902 paludem
1268 1847 1517 1903 dimergere,

34 1917 251 1958 unumque
291 1917 436 1944 eorum
476 1917 640 1971 capere,
681 1903 854 1958 sicqued
900 1904 1059 1944 ventris
1108 1901 1269 1944 rabiem
1310 1904 1518 1959 mitigare.

36 2077 140 2111 nose
171 2075 308 2111 autem
342 2084 486 2112 eorum
519 2070 700 2111 sonitum
730 2069 929 2123 audiens,
968 2070 1107 2111 timuit
1144 2069 1280 2112 valde.
1349 2072 1520 2113 Putawt

36 2126 146 2167 enim
196 2124 500 2167 Saracenorum
550 2125 861 2167 multitudinem
911 2140 1014 2178 esse,
1052 2126 1124 2181 qui
1165 2140 1209 2167 se
1247 2134 1519 2183 conspectum

35 2180 182 2223 fraude
211 2180 353 2236 aliqua
379 2180 533 2223 vellent
561 2181 810 2236 perhimere.
879 2183 1049 2237 Ορθρου
1090 2182 1135 2222 δὲ
1167 2184 1342 2236 βαθεως,
1376 2184 1520 2224 orthru

37 2236 89 2279 de
118 2236 303 2290 vatheos,
336 2235 379 2277 id
410 2243 472 2278 est
502 2252 624 2277 mane
664 2242 804 2277 autem
845 2237 981 2292 primo
1023 2252 1249 2292 exurgens,
1291 2252 1387 2279 cum
1429 2238 1518 2280 dili-

37 2292 279 2347 gentissime
311 2299 464 2334 cuncta
495 2292 792 2345 consideraret,
835 2292 1074 2348 conspectis
1104 2293 1306 2346 vestigiis,
1348 2294 1516 2346 εῧθέως,

37 2347 222 2400 eutheos,
253 2347 297 2388 id
327 2354 390 2389 est
419 2348 571 2401 statim,
605 2347 807 2403 quidhoc
829 2355 950 2400 esset,
981 2349 1168 2402 agnovit.
1212 2349 1354 2391 Leone
1376 2351 1518 2406 itaque

35 2403 78 2444 in
97 2403 343 2446 arundineto
365 2410 664 2457 commorante,
687 2406 903 2455 portatos,
922 2403 1138 2445 Romanus
1157 2404 1343 2445 Grecum
1364 2407 1517 2461 ignem,
1534 2432 1540 2438 -

39 2584 68 2618 a)
91 2585 283 2611 tranmiserat
307 2587 332 2611 1.
435 2585 464 2618 b)
486 2587 629 2617 sequentia
654 2593 741 2617 usque
762 2593 824 2617 cap.
849 2587 894 2611 44.
918 2586 1017 2610 scilicet
1040 2587 1192 2617 quaternio
1216 2594 1299 2616 unus,
1321 2588 1468 2618 pez-[eruut
1492 2588 1516 2612 5.

38 2623 65 2656 (⁸)
88 2624 209 2658 εῐημιθη
234 2626 258 2650 1.
341 2623 370 2657 d)
394 2625 480 2656 sique
505 2627 529 2653 1.
611 2624 639 2659 e)
662 2626 701 2650 ita
723 2626 832 2656 scripsi,
857 2626 884 2650 in
907 2625 996 2650 codice
1018 2626 1135 2651 Nomen
1158 2627 1314 2658 proprium
1337 2627 1445 2657 leyz'tzzr,

42 2727 77 2771 1)
105 2729 158 2762 Cf.
189 2740 217 2763 c.
246 2730 310 2771 36;
339 2730 559 2764 Constantia.
589 2730 631 2763 de
660 2731 752 2763 adm.
781 2732 865 2773 imp.
894 2741 923 2762 c.
955 2731 1008 2771 13,
1035 2742 1068 2773 p.
1099 2729 1164 2762 88:
1193 2725 1274 2764 οἷ’τε
1301 2727 1371 2764 ἀπὸ
1400 2729 1516 2773 γένους

42 2775 217 2822 βασιλείου
243 2778 299 2810 καὶ
325 2774 498 2820 εὐγενοῦς.

37 1960 239 2011 Ρομανος*
271 1959 317 2000 δὲ
346 1959 436 2000 τὸν*
469 1961 604 2000 αυτῶν
634 1960 778 2014 ψόφον
800 1973 961 2000 ememor
981 1960 1205 2000 050121110ον
1236 1960 1417 2016 σφόδρα,
1438 1960 1541 2001 R0-·
1566 1979 1676 1998 nomen

0 2029 2 2038 ’
36 2029 182 2056 manos
217 2013 269 2056 de
305 2020 378 2056 ton
413 2021 542 2056 auton
572 2014 725 2069 psofon
765 2028 901 2055 acuon
940 2013 1140 2055 ediliasen
1171 2014 1329 2067 sfodra,
1367 2012 1711 2076 Reina-Pgssffliffffig·

1555 2439 1666 2457 nomen

41 2459 111 2514 qui
139 2458 254 2500 nullo
284 2466 423 2514 preter
453 2459 561 2501 aceti
591 2458 752 2515 liquore
783 2459 1056 2514 extinguitur,
1087 2460 1273 2516 undique
1303 2476 1378 2516 per
1397 2471 1700 2503 arun-proprium·
