1853 3209
188 203 234 233 54

248 313 312 352 11.

248 423 313 464 12.

249 478 311 518 13.

252 590 314 629 14.

255 2473 321 2513 30.

481 201 779 233 LIUDPRANDI
805 199 1150 233 ANTAPODOSIS.
1203 199 1295 231 LIB.
1323 199 1390 231 ΙΙΙ.

358 311 485 363 Quod
514 325 637 352 mane
667 310 779 352 facto
816 326 861 352 re
891 310 1060 364 cognita
1088 308 1258 351 Rodulfi
1288 309 1440 351 milites
1470 306 1672 349 Mediola-

356 368 474 407 nium
504 366 700 421 fugerint.

356 421 575 463 Italienses
607 420 659 461 ob
690 420 918 474 Hugonem
947 420 1130 461 mittunt.

355 476 563 518 Rodulfus
594 476 724 530 igitur
753 476 796 515 in
817 474 1111 529 Burgundiam
1130 474 1260 526 vadit,
1293 481 1333 516 et
1353 473 1671 515 Brucharduma

359 546 550 572 socerum
580 545 704 570 suum
734 529 788 570 ad
817 530 1022 570 auxilium
1052 545 1176 570 suum
1208 529 1392 571 adducit.

359 588 455 638 Qua
485 586 701 628 occasione
732 585 1005 626 Bruchardus
1035 584 1337 625 Mediolanium
1367 586 1419 625 sit
1444 584 1671 640 profectus,

360 649 401 683 et
431 656 504 682 our
532 641 592 683 ibi
621 640 851 681 honorifice
882 647 1102 696 susceptus
1133 640 1184 681 de
1215 641 1304 681 eius
1335 641 1388 681 sit
1408 647 1541 681 morte
1566 647 1672 680 trae-

358 705 505 739 tatum.

359 751 632 794 Bruohardus
668 751 923 793 Mediolanio
964 750 1129 792 rediens
1168 750 1397 791 Novariam
1433 751 1560 802 venit.
1600 749 1675 791 ubi

361 815 402 850 et
430 807 483 849 ab
514 807 782 848 Italiensibus
814 822 909 847 611111
940 807 1025 847 suis
1056 805 1250 846 omnibus
1283 805 1498 846 occiditur.

359 865 461 905 Post
490 862 729 903 Bruohardi
758 875 906 903 necem
926 861 1131 903 Rodulfus
1162 862 1206 901 in
1225 859 1518 916 Burgundiam
1538 859 1675 914 fugiit,

360 926 486 974 atque
517 918 646 972 Hugo
675 933 751 973 per
780 916 1047 971 Tyrrhenum
1078 931 1194 958 mare
1223 917 1267 957 in
1296 915 1462 957 Italiam
1491 915 1620 956 venit.

308 1006 316 1015 .
360 974 621 1016 Italiensium
659 973 849 1014 nonnulli
889 973 944 1014 ad
982 974 1125 1014 Pisam
1165 973 1203 1014 ei
1245 976 1484 1023 occurrunt,
1524 971 1599 1011 ubi
1638 977 1679 1012 et

360 1030 560 1071 Iohannis
586 1043 723 1084 papae
744 1029 881 1070 nuntii
900 1029 1086 1082 veniunt,
1109 1043 1291 1084 quorum
1311 1027 1480 1069 hortatu
1499 1026 1678 1082 Papiam

361 1100 541 1141 pergens
570 1100 647 1126 rex
678 1084 870 1126 efficitur.

362 1142 430 1182 De
466 1140 650 1181 lVidone
688 1141 800 1195 regis
836 1140 1034 1195 Hugonis
1064 1139 1204 1193 fratre,
1237 1139 1307 1194 qui
1346 1138 1548 1179 Tusciam
1579 1144 1680 1178 111116

362 1197 544 1248 tenebat,
586 1196 659 1251 qui
697 1196 972 1237 Marozotiam
1011 1202 1196 1236 scortum
1226 1195 1461 1236 Romanam
1501 1207 1679 1234 uxorem

362 1251 559 1293 habebat.

361 1307 430 1348 De
466 1307 660 1362 plurimis
699 1306 895 1361 Hugonis
935 1307 1046 1361 regis
1085 1306 1324 1359 virtutibus,
1369 1319 1473 1361 quas
1512 1303 1681 1345 luxuria

362 1362 572 1404 foedabat.

363 1418 492 1469 Quod
523 1417 637 1458 idem
666 1432 741 1458 rex
772 1417 902 1470 Hugo
934 1416 1040 1457 duos
1070 1416 1177 1457 filios
1207 1424 1310 1458 111116
1340 1415 1547 1457 habuerit.

309 1505 318 1514 .
362 1473 432 1514 De
468 1487 517 1514 eo
559 1472 674 1528 quod
714 1486 790 1513 rex
827 1472 957 1526 Hugo
988 1472 1237 1512 Heinrioum
1277 1486 1420 1526 regem
1460 1471 1541 1511 sibi
1580 1470 1682 1511 ami-

365 1543 463 1570 611111
492 1527 607 1569 facit.

363 1584 503 1636 Quem
532 1584 728 1625 nuntium
758 1597 835 1624 rex
866 1581 1276 1638 Constantinopolim
1307 1581 1461 1623 direxit
1489 1581 1681 1622 Romano

362 1640 623 1695 imperatori.

309 1727 318 1736 .
363 1695 431 1736 De
461 1694 626 1736 duobus
658 1693 834 1736 canibus
857 1694 1102 1750 imperatori
1122 1693 1292 1735 directis
1314 1694 1387 1749 quj
1408 1707 1504 1734 eum
1524 1691 1682 1733 laniare

361 1750 598 1793 voluerunt.

363 1807 503 1858 Quam
534 1806 587 1847 ob
618 1821 707 1847 rem
743 1805 854 1860 regis
884 1804 1082 1860 Hugonis
1121 1805 1294 1845 nuntius
1334 1804 1387 1846 ab
1428 1805 1681 1858 imperatore

365 1863 418 1903 sit
446 1861 625 1903 mirifice
657 1868 891 1915 susceptus.

363 1918 431 1958 De
462 1917 581 1958 leone
609 1917 870 1958 ferocissimo
903 1931 1029 1971 quem
1058 1915 1271 1956 Romanos
1302 1914 1522 1957 interfecit.

311 2006 319 2014 .
365 1972 557 2024 Qualiter
599 1973 812 2013 Romanos
856 1972 993 2027 primo
1038 1970 1277 2026 delongaris
1322 1978 1362 2012 et
1410 1968 1683 2025 postmodum

366 2036 486 2083 pater
512 2027 706 2069 vasilleos
738 2029 791 2068 sit
822 2027 1087 2068 constitutus.

313 2117 321 2125 .
363 2085 499 2125 Focas
544 2083 802 2125 domesticus
853 2097 950 2123 611111
1000 2082 1197 2123 Simeone
1236 2081 1535 2136 Bulgariorum
1584 2094 1683 2135 rege

366 2155 561 2195 pugnans
591 2146 740 2235 sponte
769 2138 905 2193 fugiit,
936 2152 1034 2178 611111
1054 2138 1278 2179 Romanon
1306 2143 1469 2192 patrem
1488 2135 1682 2177 vasilleos

366 2196 527 2237 factum
558 2210 611 2236 au
644 2195 688 2236 it.

313 2282 321 2290 .
368 2251 559 2303 Qualiter
596 2251 733 2291 Foezis
774 2248 1186 2304 Constantinopolim
1226 2249 1399 2290 veniens
1436 2262 1461 2288 a
1489 2248 1680 2288 Romano

368 2308 544 2362 capitur,
576 2313 617 2347 et
645 2306 805 2346 lumine
835 2305 1039 2360 privatur.

312 2394 320 2402 .
366 2363 433 2403 De
465 2362 662 2404 Simeone
693 2360 990 2415 Bulgariorum
1030 2374 1142 2414 rege,
1188 2361 1260 2415 qui
1296 2360 1412 2415 prius
1448 2357 1682 2399 monachus

368 2425 409 2459 et
438 2417 709 2473 postmodum
739 2416 887 2457 reusbl
921 2422 983 2456 est
1011 2415 1160 2456 faetus.

366 2474 434 2514 De
474 2474 665 2514 Romano
707 2471 779 2527 qui
817 2470 947 2511 filiam
987 2485 1105 2511 suam
1148 2470 1357 2511 Helenam
1403 2469 1680 2510 Constantino

367 2529 612 2584 imperatori
642 2529 866 2582 coniugem
897 2526 1026 2567 dedit.

255 2585 343 2625 31.ε
366 2584 454 2625 Cur
482 2585 756 2640 imperatores
787 2582 1121 2637 porphirogeniti
1151 2581 1356 2622 dieantur.

257 2640 346 2680 3211
369 2640 560 2692 Qualiter
579 2638 760 2681 Basilius
790 2637 1010 2679 interfecto
1042 2637 1212 2678 domino
1243 2651 1318 2678 suo
1340 2635 1577 2677 Michahele
1608 2636 1682 2676 im-

368 2703 560 2751 peratore
589 2696 818 2751 imperator
849 2694 902 2734 sit
930 2693 1081 2734 faetus.

201 2779 229 2811 a)
253 2779 454 2804 burchardum
478 2780 503 2806 2.
595 2778 625 2810 b)
649 2786 683 2803 us
706 2778 733 2802 in
757 2785 864 2802 rasura
889 2779 914 2803 1.
1007 2776 1033 2809 c)
1057 2777 1098 2801 hic
1119 2783 1253 2801 numerus
1275 2776 1347 2801 deest
1372 2777 1396 2801 1.
1487 2774 1516 2807 d)
1540 2774 1635 2800 XXXI
1659 2775 1685 2800 1.

203 2841 239 2883 1)
268 2842 414 2875 Scilicet
440 2843 639 2886 apostasiae
667 2852 757 2881 reus,
784 2841 828 2873 ad
856 2840 1013 2874 seculum
1040 2851 1210 2873 reversus.
