1780 3209
224 202 271 232 84
412 199 717 232 LIL'DPRANDI
741 198 1086 231 ANTAPODOSIS.
1139 199 1233 231 LIB.
1260 199 1322 229 IV.
1379 199 1528 230 10712.

224 312 355 352 nimio
387 318 484 351 sunt
514 324 659 350 omnes
689 309 894 350 cachinno
926 310 1137 362 commoti,
1174 316 1400 364 tantusque
1440 309 1484 348 in
1513 321 1607 348 eam
1638 321 1710 362 po-

225 366 316 422 puli
350 366 469 407 favor
505 365 732 416 exerevita,
772 370 819 404 ut
855 378 940 403 non
971 363 1106 404 solum
1146 365 1283 405 virum
1321 379 1445 405 suum
1481 363 1707 418 integrum,

227 422 302 464 sed
346 428 386 463 et
431 426 579 461 cuncta
626 434 733 475 quae
772 419 852 460 sibi
889 417 1029 459 ablata
1063 420 1231 461 fuerant
1267 418 1476 471 animalia,
1521 418 1709 473 recipere

226 484 469 519 mereretur.
528 475 647 527 Quae
677 489 776 515 cum
805 474 870 514 his
898 474 1082 529 receptis
1112 473 1258 528 abiret,
1288 475 1448 516 directo
1469 473 1712 515 Tedbaldus

227 540 324 588 post
353 547 446 574 eam
476 545 620 586 puero,
651 530 937 584 interrogavit,
976 529 1079 584 quid
1113 530 1205 571 viro
1242 545 1317 571 suo
1358 530 1553 581 auferret,
1592 529 1626 569 si
1657 529 1712 569 ad

227 603 418 644 pugnam
447 586 627 640 amplius
658 591 805 626 contra
835 599 878 625 se
909 584 962 625 de
992 584 1192 626 castelloe
1231 586 1396 626 exiret?
1444 583 1610 636 ‘Oculi’,
1651 585 1711 624 in-

229 646 331 700 quit,
364 649 473 684 ‘sunt
502 641 573 693 illi,
603 655 738 693 nares,
769 655 930 692 manUS,
969 648 1010 682 et
1039 640 1182 696 pedes.
1251 641 1297 682 Si
1335 641 1414 682 hoc
1452 641 1596 696 egerit,
1635 640 1715 681 sibi

230 714 338 755 quae
370 712 444 739 sua
476 704 573 738 sunt
609 696 789 748 auferat,
842 710 950 751 quae
988 710 1095 749 mea,
1142 711 1241 737 suae
1282 695 1441 737 scilicet
1477 695 1712 748 ancillulae,

229 754 517 809 derelinquat'.
577 752 737 792 Verum
770 751 869 807 quia.
904 751 1093 793 favorem
1131 751 1277 807 populi
1313 752 1450 806 prima
1486 751 1567 792 sibi
1601 751 1714 792 locu-

228 812 341 852 tione
371 824 446 864 per
474 809 605 848 risum
635 813 675 848 et
704 807 844 848 mariti
874 806 1033 848 donum
1063 807 1210 848 adesse
1230 806 1445 859 intellexit,
1475 807 1583 848 hanc
1604 812 1715 862 post-

230 865 405 907 modum
435 879 511 920 per
541 862 749 904 directum
777 863 972 903 nuntium
1003 863 1278 904 remandavit.

72 948 138 975 936.
162 948 215 982 (5.)
346 934 410 973 11.
467 932 551 972 Per
579 930 623 971 id
658 937 825 986 tempus
864 931 977 985 regis
1017 930 1214 985 Hugonis
1250 930 1378 972 frater
1416 930 1541 982 Boso,
1587 928 1716 973 Willa

230 1003 363 1030 uxore
403 1002 480 1028 sua
525 986 827 1042 cupidissima⁰
874 985 1126 1039 stimulante,
1171 986 1374 1027 adversus
1419 1000 1563 1041 regem
1607 999 1716 1026 nova

232 1043 442 1101 quaedam
480 1048 521 1083 et
559 1057 757 1097 perversa
798 1041 966 1084 molitus
1007 1049 1070 1083 est
1114 1057 1250 1097 agere.
1326 1041 1452 1094 Quod
1491 1041 1717 1096 Hugonem

229 1115 315 1141 non
344 1099 478 1140 latuit.
539 1098 634 1150 Qua
665 1112 720 1138 ex
749 1113 794 1139 re
825 1105 986 1153 captus,
1025 1098 1240 1140 custodiae
1271 1103 1334 1139 est
1363 1097 1562 1138 continuo
1591 1095 1718 1137 tradi-

229 1164 337 1198 tusl,
398 1154 538 1196 Causa
569 1153 751 1209 denique
782 1153 1026 1195 deiectionis
1057 1155 1147 1194 eius
1175 1154 1280 1194 haec
1310 1153 1400 1194 fuit.
1458 1153 1576 1193 Dum
1596 1151 1719 1192 Lam-

230 1213 364 1263 berto,
416 1225 542 1265 quem
587 1224 715 1264 supra
756 1210 1097 1263 memoravimus,
1146 1208 1304 1251 lumine
1353 1210 1534 1265 privato,
1583 1206 1720 1248 isdem

231 1268 344 1308 Boso
375 1280 561 1306 marcam
599 1265 781 1306 Tusciae
818 1265 1038 1318 obtineret,
1080 1266 1236 1306 coniux
1277 1280 1352 1306 sua
1387 1263 1517 1306 willa
1552 1262 1720 1320 phylar-

231 1323 364 1378 giriae
396 1322 507 1376 cepit
536 1334 679 1361 amore
710 1320 939 1376 flagrared3
970 1321 1076 1363 adeo
1107 1328 1153 1361 ut
1182 1321 1310 1362 totius
1343 1320 1522 1362 Tusciae
1552 1319 1720 1375 provin-

234 1379 324 1419 ciae
364 1376 478 1417 nulla
514 1375 720 1417 nobilium
760 1384 1046 1418 matronarum
1090 1377 1302 1432 quantivis
1343 1391 1388 1417 se
1429 1376 1561 1431 precii
1602 1389 1720 1416 orna-

232 1434 384 1475 mentis
422 1430 647 1473 excoleret.
716 1431 838 1472 Haec
877 1447 974 1472 cum
1009 1431 1170 1486 prolem
1209 1446 1295 1472 non
1333 1431 1507 1472 haberet
1543 1430 1721 1481 Virilem,

234 1495 436 1544 quattuor
457 1487 605 1528 habuit
625 1494 759 1540 natas,
789 1487 974 1540 Bertam,
1006 1487 1193 1540 willam,
1224 1486 1462 1528 Richildam
1483 1492 1524 1527 et
1545 1484 1720 1527 Gislam.

232 1545 399 1586 Harum
444 1541 586 1593 Usilla,
631 1543 880 1598 Berengarii
924 1543 1061 1595 huius,
1107 1544 1181 1599 qui
1224 1557 1336 1583 nunc
1378 1548 1580 1598 superest,
1621 1556 1720 1582 vere

233 1601 395 1653 marita,
426 1599 506 1640 hoc
537 1599 685 1650 effecit,
725 1614 778 1639 ne
808 1600 991 1654 genitrix
1022 1614 1099 1640 sua
1140 1599 1328 1640 omnium
1359 1605 1467 1640 esset
1496 1596 1720 1639 mulierum

233 1655 506 1712 nequissima.
566 1654 626 1695 Ut
662 1662 804 1696 autem
842 1669 928 1696 non
956 1670 1033 1710 per
1069 1654 1217 1710 longas
1256 1653 1460 1709 ambages
1497 1655 1586 1695 eius
1626 1658 1719 1694 acta

234 1726 457 1768 ponamus,
494 1724 577 1751 uno
612 1711 857 1764 turpissimo
893 1711 1115 1766 descripto,
1155 1726 1262 1767 quae
1301 1718 1341 1752 et
1371 1717 1526 1766 quanta
1555 1710 1600 1750 in
1629 1723 1720 1750 cae-

233 1769 333 1809 teris
363 1767 500 1819 fuerit,
531 1766 868 1808 animadvertere
898 1768 1069 1822 poteris.

350 1835 414 1875 12.
472 1834 551 1874 Vir
598 1834 731 1889 ipsius
779 1834 892 1875 Boso
942 1836 1046 1876 mire
1094 1834 1370 1889 longitudinis
1410 1841 1451 1875 et
1489 1832 1720 1875 latitudinis

234 1905 410 1932 aureum
459 1888 664 1931 habuerat
712 1889 911 1943 balteum,
963 1891 1036 1946 qui
1085 1889 1310 1931 multarum
1359 1896 1400 1931 et
1444 1890 1722 1944 pretiosarmn

235 1944 510 2002 splendebate
560 1946 693 1986 nitore
741 1960 1018 2000 gemmarum.
1096 1946 1244 1998 Hunc,
1287 1960 1383 1986 cum
1435 1946 1548 1987 Boso
1602 1959 1721 2000 cape-

234 2009 367 2054 retur,
423 2015 550 2055 super
601 2015 746 2042 omnes
793 2017 919 2057 gazas
966 2003 1055 2043 eius
1101 2001 1323 2057 diligenter
1370 2016 1447 2042 rex
1494 2001 1616 2042 iussit
1663 2002 1723 2041 in-

236 2058 365 2114 quiri,
416 2057 679 2112 sumptisque
715 2057 885 2110 divitiis,
916 2072 1094 2099 uxorem
1131 2058 1233 2110 eius,
1275 2058 1395 2113 quasi
1431 2056 1653 2112 profanam
1683 2062 1724 2098 et

235 2112 405 2155 sceleris
435 2113 562 2153 totius
594 2113 839 2166 auctricem,
876 2114 1055 2168 turpiter
1092 2113 1144 2154 de
1180 2127 1311 2169 regno
1348 2111 1493 2154 Italico
1534 2113 1724 2168 precepit

236 2168 403 2224 expelli,
435 2175 561 2223 atque
590 2169 635 2208 in
665 2168 972 2224 Burgundiam,
1013 2169 1064 2210 de
1106 2184 1189 2225 qua
1226 2168 1405 2210 oriunda
1433 2168 1581 2221 fuerat,
1611 2168 1723 2210 duci.

235 2225 397 2266 Verum
428 2238 526 2264 011111
556 2223 780 2279 diligenter
810 2226 950 2266 omnia
978 2226 1232 2280 perscrutati
1262 2224 1448 2267 balteum
1470 2239 1555 2266 non
1576 2239 1723 2280 reppe-

235 2281 376 2333 rerint,
407 2286 569 2320 caetera
600 2281 736 2321 nuntii
765 2286 1042 2336 reportantes,
1083 2287 1180 2321 sunt
1208 2280 1263 2321 ad
1292 2281 1522 2336 Hugonem
1551 2281 1722 2321 reversi.

236 2336 346 2376 Tum
377 2351 473 2377 rex:
505 2336 817 2388 ‘Revertentes',
847 2337 985 2392 inquit
1016 2335 1253 2378 ‘falerarum
1283 2337 1373 2377 eius
1405 2350 1574 2377 omnem
1594 2349 1724 2391 appa-

235 2397 385 2443 ratum,
416 2390 612 2446 pulvinar
641 2392 782 2443 etiam,
814 2393 927 2447 quod
959 2391 1186 2447 equitando
1217 2393 1383 2447 premit,
1415 2392 1588 2433 evertite
1600 2391 1625 2432 f.
1666 2391 1724 2433 Et

237 2448 271 2487 si
302 2462 380 2488 nec
418 2446 479 2487 ibi
517 2446 687 2502 quidem
718 2446 903 2489 balteum
934 2448 1153 2502 poteritng
1192 2448 1419 2503 repperire,
1460 2448 1722 2489 vestimentis

238 2567 266 2598 a)
289 2567 433 2597 sequentia
458 2573 545 2598 usque
567 2567 604 2590 ml
626 2567 656 2591 in
680 2569 838 2593 saxoniam
860 2576 922 2599 cap.
948 2569 992 2592 14.
1016 2568 1115 2593 desunt
1136 2568 1216 2592 nulla
1239 2568 1343 2592 lacuna
1367 2567 1491 2591 indicam
1515 2567 1541 2592 3.
1624 2567 1654 2599 b)
1677 2575 1723 2594 ca-

237 2606 313 2631 stelo
338 2607 364 2631 1.
446 2605 471 2638 c)
495 2606 701 2637 cupudissima
725 2608 750 2633 1.
839 2606 868 2640 d)
890 2608 1004 2638 flagare
1029 2609 1053 2633 1.
1136 2614 1164 2638 e)
1187 2607 1354 2638 spendebat
1378 2608 1404 2631 l.
1476 2605 1498 2638 f)
1519 2607 1672 2633 euertitite
1696 2609 1722 2632 1.

239 2645 267 2678 g)
288 2645 401 2676 poteris
425 2647 450 2670 1.

242 2733 278 2774 1)
305 2732 500 2765 Flodoardi
525 2743 608 2766 ann.
636 2734 726 2765 936:
756 2735 974 2777 repertisque
1002 2734 1213 2777 quibusdam
1238 2733 1357 2766 fratris
1385 2734 1438 2766 sui
1464 2734 1616 2767 Bosonis
1641 2744 1723 2767 con-

238 2785 292 2812 tra
326 2792 374 2821 se,
410 2786 447 2813 ut
478 2782 596 2822 fertur,
630 2783 780 2824 insidiis,
815 2783 965 2816 eundem
996 2784 1138 2816 fratrem
1173 2793 1273 2815 suum
1311 2782 1391 2815 dolo
1427 2784 1522 2826 capit
1555 2786 1660 2826 atque
1687 2783 1724 2815 in

240 2829 401 2862 custodia
427 2831 543 2863 mittit.
