1812 3176
252 738 729 794 LIUDPRANDI
771 737 1327 793 ANTAPODOSIS.

161 850 219 901 In
248 860 418 900 nomine
448 859 579 914 patris
611 865 650 900 et
680 858 755 899 filii
785 865 825 900 et
856 859 1026 913 spiritus
1057 860 1204 911 sancti,
1246 859 1395 914 incipit
1425 858 1530 901 liber
1547 866 1667 915 SS.}11,

48 914 357 971 antapodoseos
380 914 711 966 ανταποδόσεως,
742 914 1028 955 retributionis
1040 921 1068 967 a,
1100 929 1246 969 regum
1272 921 1398 978 atque
1420 917 1531 969 prin·
1547 908 1653 939 P·²‘³·

48 970 191 1033 cipum

236 971 366 1025 partis
404 970 651 1024 Europae¹,
700 983 722 1009 a
760 969 1035 1023 Liudprando
1076 970 1311 1011 Ticinens1s
1353 968 1529 1011 eclesiae

48 1025 224 1067 dlacone
255 1026 386 1067 enti*
418 1024 670 1066 echmalosia
715 1026 818 1065 avuta
858 1026 899 1065 ἔν
936 1025 984 1076 τὴ
1032 1028 1257 1074 εχμαλοσία
1297 1025 1446 1077 ἀυτοῦ,
1487 1026 1531 1066 in

47 1082 213 1136 peregri

47 1135 212 1178 Liberri

185 1193 211 1289 ὲ

186 1304 211 1344 3

185 1360 211 1399 4

183 1470 209 1511 5

186 1858 223 1897 ,Ὦ
183 1636 222 1787 90:¹52

160 1968 223 2009 10.

161 2189 223 2231 11.

216 1081 383 1121 natione
415 1080 542 1133 eiusb‚
587 1079 641 1120 ad
671 1079 1004 1131 Recemundum,
1045 1080 1277 1136 Hispaniae
1322 1081 1530 1135 provintie

215 1144 336 1177 tanae
366 1134 567 1176 ecclesiae
597 1134 858 1190 episcopum,
889 1135 1037 1176 editus.

221 1199 249 1232 ⁶.
280 1190 594 1231 Prohoemium.

215 1277 222 1286 .
254 1246 321 1287 De
353 1244 519 1287 castello
551 1245 810 1286 Fraxinetod
842 1251 882 1286 et
914 1245 995 1286 situ
1025 1245 1126 1286 eius.

215 1334 223 1343 .
256 1300 445 1352 Qualiter
475 1301 674 1342 Saraceni
703 1300 980 1341 Fraxinetum
1010 1300 1128 1356 prius
1158 1300 1300 1356 adepti
1333 1302 1426 1342 sint.

215 1390 224 1399 .
257 1356 448 1408 Qualiter
481 1356 641 1397 invidia
676 1355 1006 1396 Provincialium
1044 1364 1084 1397 et
1121 1356 1224 1411 ipsis
1255 1357 1529 1399 invitantibus

257 1412 455 1453 Saraceni
484 1412 750 1452 Provinciam
780 1411 1104 1454 devastaverint.

213 1502 221 1511 .
255 1468 361 1519 Quis
397 1468 625 1523 imperator
663 1473 752 1508 tum
793 1466 942 1508 Grecis
979 1473 1156 1525 preerat,
1197 1468 1269 1522 qui
1307 1467 1531 1523 Bulgariis,

254 1523 488 1578 Bagoams,
521 1523 708 1574 Francis,
741 1522 992 1575 Saxonibus,
1026 1522 1188 1575 snevis,
1219 1523 1390 1575 Italicis,
1412 1539 1532 1579 reges

254 1586 462 1634 preerant,
494 1577 558 1619 vel
590 1579 683 1633 quis
714 1578 847 1618 Rome
877 1592 989 1632 papa
1018 1578 1263 1619 habebatur.

254 1635 342 1676 Cur
371 1634 457 1675 Leo
489 1634 718 1689 imperator
748 1633 801 1674 sit
831 1633 1221 1689 Porphyrogenitus
1253 1633 1405 1676 dictus.

253 1690 320 1731 De
353 1689 477 1730 domo
508 1688 740 1744 Porphyra,
773 1689 865 1744 quis
897 1703 989 1729 eam
1021 1689 1291 1730 edificaverit.

253 1745 321 1786 De
351 1743 596 1799 genealogia
626 1743 773 1784 Basilii
784 1752 812 1796 θ,
845 1751 885 1785 et
917 1743 1095 1799 qualiter
1123 1745 1353 1800 imperator
1373 1744 1513 1786 Micha

253 1799 320 1841 hel
349 1802 392 1841 in
422 1798 577 1855 palatio
609 1814 705 1840 eum
736 1801 954 1854 receperit.

253 1856 321 1897 De
352 1855 593 1896 infirmitate
617 1853 892 1895 Michahelisf
921 1855 1196 1909 imperatoris,
1229 1862 1269 1896 et
1299 1854 1478 1910 qualiter
1508 1870 1532 1896 a

254 1910 412 1952 Basilio
443 1911 496 1952 sit
524 1909 779 1963 interfectus,
811 1916 852 1951 et
880 1910 972 1965 ipse
1003 1910 1231 1965 imperator
1261 1910 1447 1952 effectus.

254 1967 321 2008 De
353 1981 401 2008 eo
440 1966 553 2020 quod
590 1965 772 2006 Basilius
809 1967 852 2006 in
894 1966 1053 2006 somnis
1094 1965 1310 2006 dominum
1341 1972 1531 2007 nostrum

254 2023 395 2064 Iesum
427 2022 641 2064 Christum
673 2037 716 2063 se
747 2020 1083 2077 interpellantem
1113 2036 1189 2076 pro
1220 2027 1353 2063 morte
1374 2022 1531 2063 Micha—

252 2077 384 2120 helisf
419 2077 543 2130 vidit,
582 2082 623 2118 et
662 2077 713 2118 de
754 2076 972 2118 elimosina
1008 2091 1135 2132 quam
1178 2077 1312 2118 isdem
1349 2077 1530 2118 Basilius

255 2134 366 2177 fecit.

257 2188 448 2241 Qualiter
483 2188 570 2229 Leo
608 2188 837 2242 imperator
873 2202 899 2228 a
937 2188 1022 2229 suis
1060 2189 1113 2228 sit
1141 2194 1270 2229 noctu
1301 2195 1461 2243 captus,
1492 2195 1532 2229 ct

255 2259 340 2285 non
370 2246 536 2299 agnitus
567 2243 783 2284 custodieg
812 2243 996 2284 traditus
1032 2249 1158 2299 atque
1194 2243 1455 2298 flagellatus,
1493 2251 1532 2285 et

257 2299 435 2355 qualiter
465 2305 606 2340 custos
637 2299 818 2340 carceris
849 2313 945 2339 eum
976 2299 1191 2351 dimiserit,
1227 2307 1267 2340 et
1298 2299 1411 2355 quod
1442 2300 1531 2354 ipsc

254 2356 484 2411 imperator
514 2370 557 2396 se
588 2369 672 2395 non
701 2353 985 2410 flagellantesh
1007 2353 1295 2409 flagellaverit,
1328 2361 1368 2396 et
1389 2353 1531 2409 flagel-

255 2410 388 2453 lantes
416 2410 697 2451 honoraverit.

162 2467 227 2508 12.
256 2467 324 2508 De
364 2466 521 2521 optimo
560 2465 658 2506 ludo
698 2480 824 2521 quem
860 2464 994 2507 isdem
1032 2465 1119 2507 Leo
1154 2465 1384 2522 imperator
1420 2463 1530 2517 fecit,

258 2522 310 2564 de
340 2521 644 2563 dormientibus
674 2528 715 2563 et
743 2521 926 2562 nummis
955 2522 1105 2562 aureis.

49 2628 78 2662 a)
101 2637 154 2655 vox
175 2629 384 2654 retributionis
406 2636 495 2661 supra
519 2629 740 2661 antapodoseos
770 2630 891 2661 legitur,
920 2629 967 2653 sed
994 2637 1053 2653 eam
1071 2628 1295 2660 postponendam
1319 2628 1405 2657 dn.ri,·
1437 2627 1476 2651 ita
1498 2627 1530 2651 in

48 2669 226 2701 sequentibus
247 2675 356 2700 quoque
376 2668 438 2697 feci.
539 2668 570 2700 b)
595 2669 679 2693 euius
703 2670 726 2694 1.
828 2667 854 2699 c)
878 2671 1072 2699 arqnmencum
1095 2668 1165 2691 deest
1189 2667 1214 2692 3.
1316 2666 1345 2698 d)
1369 2666 1529 2691 fraxaneto

49 2715 124 2733 corr.
147 2707 299 2732 fraxineto
321 2711 483 2732 constanter
507 2709 531 2733 1.
633 2706 660 2738 e)
685 2707 799 2732 basillii
823 2708 848 2732 1.
941 2707 963 2737 f)
988 2706 1146 2731 mihahelis
1172 2708 1195 2730 1.
1297 2704 1325 2736 g)
1351 2705 1478 2729 custidio
1503 2705 1529 2729 1.

50 2745 82 2779 h>
103 2753 157 2771 vox
178 2746 219 2770 bis
240 2746 344 2777 scripta
368 2746 396 2771 in
422 2747 449 2772 1.

54 2831 90 2874 1)
117 2831 172 2865 cf.
199 2833 209 2864 i

213 2833 289 2865 nfra
317 2843 348 2866 e.
378 2833 393 2863 1
424 2833 540 2865 ‘totius
568 2833 752 2875 Europae'.

1547 1036 1569 1069 ¹)
1587 1037 1744 1065 articulum
