1902 3200
304 243 604 276 LIUDPRANDI
631 242 858 274 HISTORIA
887 243 1103 275 OTTONIS.
1155 244 1261 275 2-4.
1456 246 1522 277 125

47 355 156 395 rium
186 361 312 409 atque
341 352 616 407 Adalpertum
652 351 825 393 celerius
861 365 990 405 regno
1027 351 1200 406 expulit,
1240 359 1394 407 quanto
1426 369 1600 396 Gon-901.

48 416 141 462 stat,
219 408 303 450 uod
352 407 653 449 commilitones
697 408 867 448 Petrum
918 413 960 448 et
1006 407 1186 448 Paulum
1234 409 1521 450 sanctissimos

47 424 258 521 apostolos
288 463 445 505 habuit.
504 463 647 504 Bonus
677 463 820 518 itaque
850 477 926 503 rex
956 462 1146 517 dispersa
1185 477 1446 518 congregans
1483 473 1522 505 et
1536 487 1644 511 nmen.

45 520 179 561 fracta
199 517 475 570 consolidans,
507 519 619 573 quod
649 519 802 573 cuique
832 519 1050 574 proprium
1079 518 1159 559 fuit
1178 519 1394 571 restituit1,
1425 519 1523 560 dein
1538 526 1583 557 34.
1609 527 1652 550 11³-

46 576 225 617 Romam
258 573 410 614 similia
439 574 625 615 facturus
656 574 825 615 adivit2.

157 631 195 671 3.
240 629 326 670 Ubi
368 630 472 671 miro
519 636 667 671 ornatu
711 644 905 684 novoque
943 635 1150 684 apparatu
1192 635 1424 683 susceptus,
1469 629 1519 670 ab
1536 647 1600 672 9⁶2.

0 686 8 704 ’”
45 685 192 726 eodem
215 700 377 726 summo
399 686 596 740 pontifice
618 692 658 727 et
678 684 904 726 universali
933 699 1044 739 papa
1072 685 1258 726 Iohanne
1279 685 1520 725 unctionem

43 741 234 796 suscepit
262 741 445 796 imperii;
477 741 610 781 solum
649 742 821 796 propria
858 754 943 780 non
980 741 1174 792 restituit,
1209 754 1356 781 verum
1393 741 1519 781 etiam

42 795 286 851 ingentibus
315 811 587 851 gemmarum,
617 797 708 837 auri
738 796 984 851 argentique
1014 795 1257 837 muneribus
1286 795 1520 838 honoravit.

44 851 343 893 Iusiurandum
374 867 472 893 voro
503 851 555 893 ab
587 852 733 893 eodem
764 866 876 907 papa
905 851 1090 892 Iohanne
1113 866 1241 906 supra
1261 852 1622 906 preciosissi-robr.
1647 870 1672 893 2.

44 922 162 948 mum
193 922 345 962 corpus
375 909 506 948 sancti
528 909 654 959 Petri,
686 914 811 962 atque
843 906 1036 948 omnibus
1060 908 1239 948 civitatis
1261 907 1519 961 proceribus,

44 977 90 1004 se
127 977 355 1018 numquam
395 964 648 1017 Berengario
688 970 814 1017 atque
844 962 1072 1004 Adelbcrto
1111 962 1422 1015 auxiliaturum,
1453 977 1520 1004 ac-

45 1019 169 1074 cepit.
226 1020 328 1060 Post
358 1018 433 1060 hec
465 1020 694 1073 Papiamas
726 1019 967 1073 quantotius
996 1018 1226 1073 repedavit.
1536 1033 1621 1057 Mart.
1649 1034 1693 1060 30.

155 1075 194 1114 4.
238 1074 401 1115 Interea
446 1075 631 1129 prefatus
675 1087 787 1128 papa
824 1073 1044 1125 Iohannes,
1087 1073 1310 1114 iuramenti
1349 1080 1390 1114 ot
1427 1088 1521 1128 pro-
1537 1091 1600 1117 9153.

43 1129 254 1169 missionis
285 1128 438 1179 oblitus
470 1144 596 1184 quam
634 1136 776 1169 sancto
816 1129 973 1170 fecerat
1009 1129 1264 1183 imperatori,
1302 1128 1355 1169 ob
1395 1127 1521 1169 Adel-

43 1185 222 1237 bertum,
253 1190 298 1225 ut
329 1199 373 1225 se
403 1185 537 1236 adeat,
568 1185 707 1236 mittit,
736 1184 970 1225 iuramento
1001 1185 1038 1225 ei
1068 1183 1306 1236 adfirmans,
1339 1198 1383 1225 se
1404 1183 1521 1225 illum

43 1247 190 1281 contra
225 1240 479 1281 sanctissimi
516 1240 780 1295 imperatoris
816 1240 1049 1295 potentiam
1085 1238 1340 1280 adiuturum.
1399 1238 1520 1281 Adeo

44 1295 155 1336 enim
185 1295 367 1336 eundem
397 1295 684 1347 Adelbertum,
715 1295 962 1336 eclesiarum
993 1295 1062 1336 dei
1091 1295 1363 1351 eiusdemque
1384 1309 1521 1351 papae

42 1350 241 1392 Iohannis
271 1352 626 1407 persecutoremb,
656 1351 884 1407 imperator
914 1358 1083 1392 sanctus
1113 1358 1329 1401 terruerat,
1360 1358 1406 1391 111
1436 1365 1521 1391 0111-

43 1421 139 1448 nem
160 1406 326 1448 Italiam
347 1407 556 1459 deserens,
576 1407 852 1448 Fraxinetum
874 1406 1019 1459 adiret,
1041 1421 1168 1462 seque
1191 1406 1520 1448 Sarracenorum

43 1461 141 1504 fidei
173 1463 496 1505 commendaret.
556 1462 790 1518 Imperator
820 1463 1001 1517 denique
1030 1463 1178 1514 iustus,
1217 1477 1291 1503 cur
1319 1461 1521 1504 Adelber-

42 1523 132 1558 tum
152 1518 360 1560 Iohannes
387 1533 512 1575 papa,
545 1533 671 1573 quem
691 1519 808 1573 prius
830 1518 924 1559 odio
946 1518 1186 1559 vehementi
1207 1518 1520 1573 insequebatur,

42 1578 156 1615 nunc
188 1573 393 1629 diligeret,
423 1575 521 1615 satis
552 1575 695 1614 mirari
725 1589 808 1615 non
838 1575 988 1629 potuit.
1047 1573 1276 1614 Accersitis
1307 1588 1433 1629 quam
1467 1575 1519 1615 ob

42 1644 132 1670 rem
173 1629 425 1685 quibusdam
465 1628 753 1681 familiaribus,
799 1631 833 1670 si
872 1629 953 1670 hoc
993 1644 1139 1670 verum
1178 1636 1300 1681 esset,
1343 1629 1521 1670 Romam

43 1684 187 1740 dirigit
229 1692 535 1741 percontatum.
609 1685 803 1740 Cumque
847 1685 995 1726 eodem
1038 1685 1174 1726 nuntii
1219 1686 1521 1740 pervenissent,

43 1739 285 1782 huiusmodi
315 1757 396 1783 non
418 1756 441 1781 a
464 1740 721 1797 quibuslibet
748 1747 821 1781 aut
850 1741 1008 1796 paucis,
1040 1740 1114 1781 sed
1144 1738 1197 1780 ab
1224 1739 1418 1781 omnibus
1439 1741 1521 1781 Ro-

43 1798 205 1837 manisc
254 1798 416 1838 civibus
460 1812 660 1852 responsa
704 1797 958 1851 suscipiunt:
1007 1797 1114 1836 ‘Non
1163 1795 1307 1851 dispar
1354 1796 1522 1837 videtur

40 1853 160 1904 ratio,
200 1866 274 1892 cur
309 1852 517 1893 Iohannes
554 1867 665 1907 papa
703 1853 1013 1893 sanctissimum
1052 1852 1361 1906 imperatorem,
1399 1866 1522 1892 suum

42 1906 200 1949 scilicet
229 1923 284 1948 ex
312 1907 532 1948 Adalberti
562 1908 757 1949 manibus
787 1907 1068 1959 liberatorem,
1100 1913 1140 1948 et
1170 1907 1365 1948 diabulus
1388 1907 1523 1948 oderit

43 1972 283 2005 creatorem.
328 1964 573 2019 Imperator,
604 1963 962 2019 quemadmodum
992 1978 1037 2004 re
1068 1963 1160 2018 ipsa
1181 1963 1344 2018 experti
1365 1978 1520 2015 sumus,

43 2033 92 2060 ea
112 2033 219 2075 quae
249 2018 316 2060 dei
346 2027 442 2060 sunt
463 2020 584 2075 sapit,
616 2026 824 2075 operatur,
856 2018 1009 2074 diligit3
1040 2018 1326 2060 ecclesiastica
1347 2026 1387 2060 et
1403 2033 1520 2060 secu-

41 2073 143 2116 laria
172 2076 341 2130 negotia
371 2076 497 2116 armis
518 2081 690 2128 tutatur,
721 2075 909 2116 moribus
932 2082 1063 2127 ornat,
1094 2074 1257 2128 legibus
1280 2075 1480 2116 emundat
1491 2082 1519 2127 ⁴,

42 2130 248 2172 Iohannes
277 2145 387 2186 papa
427 2131 491 2171 his
532 2131 727 2172 omnibus
766 2131 1026 2172 adversa-tur.
1083 2130 1179 2170 Non
1216 2129 1322 2170 clam
1360 2130 1518 2186 populo

43 2194 115 2239 est,
148 2187 260 2242 quod
288 2187 479 2228 fatemur.
538 2187 674 2228 Testis
714 2194 775 2229 est
804 2187 989 2227 Rainerii
1029 2186 1093 2226 sui
1123 2187 1255 2241 ipsius
1287 2185 1428 2226 militis
1458 2187 1518 2226 vi-

43 2242 136 2296 dua,
182 2257 307 2298 quam
345 2257 470 2283 caeco
512 2253 659 2297 captus
699 2244 807 2297 igne,
828 2280 832 2283 ,
852 2241 993 2283 multis
1033 2242 1289 2296 *prefectam
1329 2241 1585 2293 urbibus,'1›.
1602 2254 1667 2277 341·

42 2339 70 2370 a)
92 2340 213 2371 papiam
235 2339 284 2364 vel
306 2340 433 2370 patriam
458 2339 480 2364 2.
505 2340 632 2370 patriam
655 2340 707 2364 5a.
770 2339 799 2371 b)
821 2341 1014 2370 persecutore
1039 2339 1063 2362 1.
1125 2338 1152 2371 0)
1175 2338 1227 2362 sed
1247 2338 1285 2362 ab
1308 2338 1447 2363 omnibus
1469 2340 1521 2362 aut

41 2380 145 2410 paucis
166 2379 311 2403 Romanis
334 2379 359 2403 1.

45 2442 81 2478 1)
106 2441 335 2485 Liudprando
363 2452 501 2484 quoque
529 2443 770 2485 episcopatum
798 2442 1069 2474 Cremonensem
1103 2445 1187 2472 tunc
1215 2440 1355 2472 dedisse
1382 2440 1520 2472 videtur

44 2491 88 2523 cf.
114 2502 218 2533 supra
243 2491 509 2533 praefationem.
587 2489 624 2532 2)
643 2492 698 2523 De
719 2492 847 2524 Ottone
865 2491 999 2523 Romae
1020 2493 1176 2521 morante
1197 2490 1309 2521 codex
1327 2490 1519 2520 Vaticanus

47 2539 136 2570 1340
163 2540 296 2572 saeculi
312 2540 401 2571 XIII
428 2539 532 2571 refert
559 2538 783 2581 (KVattericln
811 2539 973 2571 Pontific.
1001 2539 1146 2570 Roman.
1174 2538 1277 2569 Vitae
1297 2538 1324 2576 Ι,
1344 2538 1441 2569 4511.
1462 2536 1518 2570 31ε

44 2587 167 2620 ‘Huius
201 2589 240 2627 (i.
268 2599 297 2620 0.
324 2586 509 2630 Iohannis)
543 2592 699 2631 tempore
734 2588 872 2620 scilicet
906 2598 998 2619 anno
1036 2586 1233 2618 dominicae
1266 2586 1518 2617 incarnationis

43 2635 308 2668 DCCCCLXII
334 2638 482 2679 primum
510 2637 606 2668 venit
631 2638 763 2669 Romae
784 2637 851 2668 Oto
877 2637 1066 2678 imperator
1093 2644 1172 2666 cum
1190 2634 1377 2675 Adelayda
1399 2644 1518 2665 mense

42 2685 206 2717 Ianuario
234 2686 290 2717 die
316 2686 447 2717 XXXI.
474 2686 562 2717 feria
588 2686 648 2717 VI.
678 2690 713 2717 et
731 2686 827 2717 stetit
845 2685 893 2715 ibi
913 2684 1036 2715 diebus
1056 2684 1120 2714 XV
1139 2687 1173 2714 et
1191 2683 1276 2714 exiit
1295 2682 1376 2714 inde
1400 2693 1518 2714 mense

43 2732 234 2766 Februario
268 2734 324 2766 die
351 2735 462 2766 XIIII
497 2733 636 2765 scilicet.
671 2734 860 2766 festivitate
893 2733 1006 2765 sancti
1034 2732 1213 2763 Valentini
1243 2731 1437 2763 indictione
1464 2730 1518 2763 V’.

45 2779 82 2823 3)
99 2792 130 2814 a.
151 2782 230 2814 962.
245 2783 343 2825 April
364 2783 394 2815 ⁶2.
415 2784 448 2816 9.
474 2783 531 2814 ⁶20.
552 2782 743 2824 diplomata
762 2782 811 2814 ibi
832 2781 1008 2819 condidit;
1030 2780 1073 2811 cf.
1096 2781 1224 2811 contin.
1244 2780 1415 2821 Reginon.
1435 2779 1518 2810 962.

43 2828 81 2871 4)
95 2830 180 2863 Hor.
199 2842 255 2874 ep.
273 2832 321 2871 ΙΙ,
350 2832 366 2863 1
396 2843 428 2863 v.
459 2832 490 2863 ’2.
517 2832 556 2862 3;
585 2832 654 2864 Res
680 2831 788 2863 Italas
815 2831 920 2862 armis
947 2830 1081 2868 tuteris,
1108 2829 1260 2860 moribus
1288 2838 1399 2867 orneS,
1423 2829 1427 2869 Ι
1450 2829 1517 2860 Le-

43 2878 145 2919 gibus
172 2880 358 2912 emendes'.
