1902 3200
381 219 682 253 LIUDPRANDI
708 219 1052 252 ANTAPODOSIS.
1104 221 1197 252 LIB.
1226 219 1286 254 IV.
1535 223 1577 254 77

96 332 222 388 vulgo
267 332 395 382 aiunt,
452 329 729 371 circumcirca
777 329 990 383 dirigeret,
1030 328 1335 383 Bagoariorum
1368 332 1575 387 quaedam
1591 343 1658 369 935.

94 403 193 443 pars
223 402 307 427 non
336 386 509 426 minima
540 385 590 426 de
622 391 758 425 castro
789 383 997 424 vocabulo
1029 383 1302 439 Gauseningo
1341 387 1575 440 egrediens,

95 457 191 484 cum
221 440 488 483 ltaliensibus
517 455 706 495 pugnare
737 440 862 495 cepit.
906 438 946 479 A
977 438 1131 494 quibus
1160 441 1347 494 graviter
1368 441 1575 493 confossa,

94 499 169 539 vix
198 513 251 541 ex
281 511 343 549 ea,
374 495 440 537 vel
471 497 543 552 qui
572 496 651 536 1100
682 495 857 536 caeteris
887 495 1111 546 nuntiaret,
1143 496 1288 535 evasit.
1334 496 1429 547 Qua
1460 512 1512 536 ex
1533 513 1576 538 re

93 551 307 594 Arnaldus
352 551 439 592 dux
483 566 566 591 non
609 565 741 606 parva
787 558 849 591 est
894 550 1140 591 confusione
1184 549 1381 605 repletus.
1454 551 1576 593 Unde

93 607 282 648 factumst
326 613 400 659 est,
446 612 491 647 ut
529 606 702 647 consilio
742 613 932 661 accepto,
978 604 1177 646 Milonem
1219 606 1414 646 comitem
1453 606 1578 648 vellet

93 676 245 718 capere
266 668 391 717 atque
412 661 533 703 Italia
555 661 753 703 derelicta
774 676 918 702 secum
939 660 1055 701 illum
1077 661 1119 700 in
1137 661 1390 715 Bagoariam
1410 660 1576 714 ducere,

93 718 290 774 quatinus
326 724 518 772 reparato
564 718 764 768 exercitu,
809 731 904 757 011111
951 731 999 757 00
1045 717 1195 757 iterum
1235 723 1378 771 posset
1417 716 1574 770 redire3

93 773 208 829 quod
237 772 437 813 Milonem
466 788 551 813 non
581 772 712 813 latuit.

204 830 271 869 51.
332 829 416 880 Qui
459 828 636 869 diversis
686 826 1010 882 cogitationibus
1060 835 1241 879 estuans,
1293 827 1396 883 quid
1433 835 1577 882 ageret

91 884 287 940 poenitus
330 884 567 939 ignorabat.
625 883 853 938 Hugonem
893 897 1049 938 regem,
1095 882 1218 938 plane
1263 889 1309 923 ut
1352 889 1574 935 meruerat,

91 938 208 980 adire
239 939 434 991 tilnebat3
481 954 578 980 cum
615 937 802 979 Arnaldo
841 953 938 979 vero
977 938 1021 978 in
1058 938 1310 993 Bagoariam
1342 939 1450 991 duci,
1492 954 1575 980 non

92 994 228 1036 solum
260 1002 434 1036 mortem
466 995 540 1036 sed
570 994 778 1035 infernum
809 993 999 1048 putabat.
1068 993 1163 1033 Hac
1200 995 1341 1049 itaque
1372 995 1414 1034 in
1444 993 1576 1035 ambi-

90 1050 264 1105 guitate,
298 1051 496 1105 quoniam
525 1064 669 1104 regem
700 1049 928 1103 Hugonem
961 1049 1042 1089 cito
1073 1049 1363 1090 misericordia
1403 1058 1577 1091 noverat

91 1105 297 1156 inclinari,
341 1104 576 1145 Arnaldum
620 1104 778 1159 fugere,
823 1110 865 1144 et
903 1103 957 1144 ad
1002 1118 1097 1144 011111
1149 1103 1354 1145 deliberat
1391 1104 1576 1146 tendere.

90 1159 304 1201 Arnaldus
341 1174 456 1212 vero,
497 1167 622 1215 prout
670 1160 794 1200 citius
833 1160 988 1214 potuit,
1033 1159 1077 1198 in
1116 1159 1371 1214 Bagoariam
1410 1167 1472 1201 est
1515 1176 1576 1202 re—

90 1230 276 1271 gressus.

203 1272 269 1314 52.
328 1271 606 1313 Munitionem
645 1277 800 1322 autem,
846 1284 953 1325 quae
992 1270 1036 1310 in
1074 1269 1221 1311 eadem
1265 1271 1435 1312 civitate
1476 1278 1576 1324 crat,

123 1327 210 1367 rius
241 1341 505 1382 oppugnans,
536 1327 705 1367 fratrem
736 1325 906 1367 Milonis
946 1324 1182 1381 militesque
1220 1341 1331 1379 suos,
1371 1328 1445 1381 qui
1482 1341 1575 1368 eam

89 1342 315 1424 ldefendere
347 1381 619 1435 conabantur,
651 1397 794 1423 secum
824 1382 867 1422 in
897 1381 1152 1436 Bagoariam
1183 1382 1315 1422 duxit.
1375 1384 1468 1434 Quo
1494 1382 1575 1424 dis-

91 1437 265 1479 cedente
278 1439 309 1491 1),
353 1438 530 1494 Hugoni
573 1439 664 1492 regi
707 1453 807 1479 mox
853 1437 999 1478 civitas
1044 1436 1245 1489 redditur,
1296 1445 1336 1479 et
1379 1439 1575 1480 Raterius

90 1493 281 1535 eiusdem
311 1494 493 1535 civitatis
524 1494 749 1549 episeopus
779 1492 832 1533 ab
864 1507 912 1534 00
952 1499 1113 1547 captus,
1146 1494 1277 1548 Papie
1317 1494 1443 1535 exilio
1482 1493 1575 1535 reli-

89 1555 228 1602 gatur.
286 1549 337 1590 In
368 1564 450 1605 quo
480 1549 616 1590 faceta
654 1550 754 1590 satis
794 1549 1030 1590 urbanitate
1069 1548 1120 1589 dc
1162 1548 1275 1589 exilii
1306 1550 1371 1590 sui
1401 1564 1575 1591 erumna

90 1604 246 1647 librum
276 1619 529 1660 componere
560 1605 709 1660 cepitl.
771 1605 908 1656 Quem
945 1604 979 1645 si
1020 1604 1113 1659 quis
1153 1603 1314 1659 legerit,
1354 1605 1575 1646 nonnullas

89 1660 149 1702 ibi
178 1660 267 1702 hac
289 1660 367 1701 sub
400 1661 622 1702 occasione
652 1675 719 1701 res
751 1660 957 1715 expolitas
987 1660 1184 1712 inveniet,
1216 1675 1324 1715 quae
1341 1660 1574 1716 legentium

88 1714 371 1758 intellectibus
400 1730 485 1756 non
515 1716 653 1772 minus
683 1715 852 1771 placere
882 1721 1079 1771 poterunt
1110 1730 1236 1771 quam
1266 1716 1481 1771 prodesse.

283 1819 565 1861 EXPLICIT
596 1818 773 1860 LIBER
802 1818 1280 1862 ANTAPODOSEOS
1311 1821 1389 1861 III.

267 2007 598 2050 *INCIPIUNT
629 2008 927 2050 OAPITULA
955 2009 1113 2050 LIBRI
1144 2008 1380 2061 QUARTI.

178 2090 211 2129 1.
257 2088 324 2128 De
355 2102 404 2129 eo
436 2087 550 2144 quod
578 2103 690 2130 nune
721 2103 855 2145 usque
893 2090 1108 2145 scripserit
1146 2089 1303 2142 audita,
1345 2090 1575 2146 scripturus

258 2143 437 2184 amodoc
465 2144 568 2184 visa.

173 2200 212 2240 2.
256 2199 349 2241 Rex
379 2199 507 2254 Hugo
538 2198 670 2240 filium
707 2214 830 2241 suum
869 2200 1117 2242 Lotharium
1160 2216 1305 2256 regem
1346 2201 1573 2253 constituit,

258 2261 299 2295 et
326 2255 505 2295 Romam
537 2269 632 2295 cum
663 2256 853 2296 exercitu
883 2257 1033 2312 pergit.

174 2312 211 2352 3.
257 2310 351 2351 Rex
393 2310 520 2365 Hugo
559 2310 688 2352 filiam
729 2326 848 2352 suam
889 2311 1087 2354 Alberieo
1137 2313 1360 2368 coniugem
1400 2312 1484 2365 dat,
1529 2321 1574 2353 ut

258 2366 396 2420 ipsum
426 2381 504 2420 per
533 2381 625 2407 eam
656 2366 850 2422 decipiat.

171 2422 211 2463 4.
258 2421 459 2463 Saraceni
495 2420 547 2463 de
582 2422 822 2463 Fraxeneto
858 2424 1007 2479 Aquas
1042 2425 1230 2477 veniunt,
1270 2423 1344 2464 ubi
1384 2430 1423 2465 et
1463 2439 1575 2465 com·

257 2477 383 2518 missa
414 2491 557 2532 pugna
589 2492 734 2520 omnes
763 2484 953 2534 pereunt.

89 2584 120 2618 a)
142 2585 257 2611 facti—iffi
281 2587 306 2611 1.
389 2585 418 2618 b)
441 2586 577 2611 discente
602 2588 626 2612 1.
708 2588 735 2617 c)
757 2588 866 2612 amodo
891 2589 915 2613 1.
937 2595 1040 2612 ‘manvs
1068 2591 1157 2612 tamen
1187 2588 1308 2612 secunda
1339 2587 1440 2612 lineam
1463 2587 1575 2612 duabus

89 2624 200 2649 lineolis
221 2625 396 2649 transversis
417 2625 457 2649 ita
479 2625 585 2657 delevit,
607 2629 637 2650 ut
659 2626 691 2650 in
713 2626 804 2650 codice
826 2628 852 2652 2.
877 2627 1015 2652 eiamodo
1037 2627 1123 2651 scribi
1140 2628 1277 2658 potnerit.

93 2710 129 2751 1)
155 2711 406 2745 Meditationes
435 2713 550 2745 cordis
576 2714 612 2745 in
648 2713 752 2745 exilio
787 2713 970 2745 cuiusdam
998 2714 1156 2746 Ratherii
1182 2714 1395 2746 Veronensis
1431 2713 1574 2756 quidem

91 2759 266 2792 ecclesiae
293 2762 451 2804 episcopi
478 2762 541 2794 sed
568 2761 756 2794 Lobiensis
783 2763 957 2801 monachi,
994 2773 1081 2804 quas
1108 2763 1143 2793 in
1170 2773 1230 2793 sex
1259 2763 1416 2804 digestas
1442 2762 1575 2795 libellis

91 2807 427 2898 volgmelnfflcfnsuit
461 2810 634 2853 appellari
662 2810 950 2852 Praeloqniorum
979 2809 1154 2852 (Ratherii
1185 2821 1265 2854 opp.
1295 2810 1375 2843 edd.
1402 2810 1575 2843 Ballerini

92 2867 127 2899 p.
183 2875 222 2879 —
320 2882 327 2889 .

1593 2027 1600 2033 ¹
1615 2036 1642 2059 p.
1662 2028 1730 2055 315.
