1902 3200
226 207 527 241 LIUDPRANDI
553 204 899 238 ANTAPODOSIS.
951 206 1046 237 LIB.
1075 207 1137 238 IV.
1191 206 1343 240 12—13.
1480 210 1525 241 85

47 318 241 359 omnibus
272 315 364 359 eam
395 316 550 367 exuite,
581 330 632 355 ne
663 313 818 355 alieubi
849 329 976 370 super
1011 330 1055 356 se
1086 317 1220 370 possit
1248 316 1393 369 latere,
1429 321 1526 360 novi
1541 330 1608 355 936.

45 374 169 426 enim,
201 379 404 428 quantum
435 370 598 423 callida,
631 377 921 425 quantumque
958 371 1012 411 sit
1042 371 1222 425 cupida'.
1279 372 1416 427 Igitur
1444 373 1524 414 illis

44 428 316 470 redeuntibus
359 427 555 481 regisque
603 426 781 466 iussioni
829 424 1115 480 paroentibus,
1166 441 1263 467 cum
1312 429 1526 482 requisitis

46 482 242 525 omnibus
281 481 339 522 nil
375 482 644 534 invenissent,
681 481 941 522 vestimentis
978 496 1072 522 eam
1109 482 1304 523 omnibus
1343 483 1527 524 nudave-

44 546 154 580 runt.
212 537 308 578 Hoc
339 537 435 578 deni
469 552 521 578 ue
550 544 637 578 tam
667 542 790 591 turpe
820 535 985 577 facinus
1015 544 1142 591 atque
1163 537 1399 578 inauditum
1430 552 1526 579 cum

44 592 332 635 avertentibus
377 552 508 633 oculis
548 591 779 647 proborum
823 606 947 632 nemo
989 593 1265 647 conspiceret,
1311 607 1526 634 servorum

44 649 216 704 quidam
254 648 413 689 directo
452 648 614 700 obtutu,
650 661 906 703 purpuream
944 661 1063 689 secus
1102 648 1264 689 natium
1304 649 1528 703 speroiden

42 704 149 745 vidit
179 703 417 759 dependere
448 704 684 758 corrigiam,
726 717 852 757 quam
883 703 1135 758 inpudenter
1163 703 1368 758 arripiens
1398 703 1529 745 foedi-

41 766 188 815 terque
218 759 400 812 trahens,
432 773 453 799 e
484 759 697 800 secretiori
728 758 914 813 corporis
950 766 1069 812 parte
1109 773 1201 800 eam
1238 766 1407 800 secutus
1442 759 1528 801 bal-

41 821 133 857 teus
163 820 226 856 est
256 829 462 870 egressus.
531 814 688 855 Servus
726 814 867 868 itaque
907 814 1041 855 isdem
1077 829 1163 855 non
1198 813 1333 855 solum
1368 815 1529 856 invere-

42 870 204 911 cundus
217 877 246 924 ²¹,
278 869 351 911 sed
381 884 429 911 eo
460 870 553 925 ipso
584 870 697 924 turpi
727 868 912 911 facinore
949 869 1120 910 hilarior
1154 870 1361 912 redditus:
1422 870 1525 911 ‘Hesi

40 925 114 967 ha!
146 925 231 966 he''!
263 926 322 966 ait
352 929 493 981 ‘quam
523 925 683 980 peritus
715 924 1017 965 obstetricandi
1046 925 1179 968 miles.
1238 925 1386 966 Ruffus
1422 941 1529 982 puer

42 988 105 1022 est
133 989 259 1022 natus
288 981 431 1033 herae;
465 995 634 1036 quaeso,
666 986 712 1020 ut
734 980 787 1020 sit
808 988 1060 1035 superstes1.
1107 981 1144 1022 O
1166 996 1233 1022 me
1254 981 1527 1034 fortunatum,

40 1037 171 1077 immo
213 1035 408 1077 omnibus
450 1035 694 1086 feliciorem,
736 1036 771 1075 si
810 1035 912 1076 tales
954 1035 1100 1077 saltem
1136 1036 1242 1076 duos
1282 1051 1393 1077 uxor
1433 1052 1528 1078 mea

41 1091 146 1132 mihi
175 1097 344 1146 pareret
372 1097 505 1143 natos,
536 1090 611 1131 hos
653 1090 811 1145 quippe
849 1090 1261 1146 Constantinopolim
1300 1092 1527 1146 dirigerem

41 1147 221 1199 nuntios,
254 1146 454 1201 quoniam
477 1145 662 1201 quidem,
692 1152 739 1186 ut
759 1145 1046 1187 institoribusb
1068 1147 1335 1188 narrantibus
1356 1149 1526 1202 agnovi,

41 1202 303 1243 *huiusmodi
345 1201 526 1243 libenter
576 1201 806 1256 imperator
853 1202 1023 1243 nuntios
1073 1203 1276 1257 suscipis.
1349 1202 1525 1245 Talibus
1543 1223 1670 1255 'pem

39 1264 230 1313 preterea
260 1256 389 1298 Willa
419 1257 595 1298 confusa
624 1257 902 1309 sermonibus,
938 1256 1122 1298 lacrimis
1154 1259 1297 1300 effusis
1325 1257 1524 1300 latentem

39 1313 118 1355 sub
149 1313 275 1354 corde
304 1313 440 1368 aperit
470 1312 634 1353 cunctis
665 1311 866 1357 dolorem.
927 1312 1083 1354 Servus
1113 1321 1267 1367 autem,
1306 1321 1352 1355 ut
1380 1329 1525 1356 eorum

39 1383 161 1410 suum
192 1375 266 1421 est,
303 1369 392 1409 eius
432 1367 666 1409 deiectione
701 1382 787 1408 non
826 1367 961 1409 solum
996 1383 1082 1410 non
1117 1369 1342 1411 inclinatus
1377 1385 1523 1412 verum

37 1425 164 1466 etiam
221 1425 442 1476 animatus,
499 1424 577 1465 hec
635 1423 689 1463 ad
747 1424 1094 1479 exaggerandum
1157 1424 1312 1466 doloris
1371 1425 1525 1467 vulnus

37 1479 208 1522 adiecit:

150 1534 292 1575 ‘Willa
308 1534 409 1590 quid
424 1534 614 1575 insanis?
644 1548 794 1575 aurum
811 1535 923 1590 quod
940 1535 1122 1577 condere
1140 1538 1277 1577 caecis
1349 1537 1524 1578 Versus.

148 1590 306 1646 Incipis
337 1592 380 1631 in
410 1588 640 1631 membris?
670 1592 747 1645 pro
778 1605 862 1631 non
892 1591 1036 1632 audita
1065 1592 1242 1646 cupido!

150 1645 314 1691 Allecto
344 1645 462 1686 furiis
493 1659 683 1700 gemmas
713 1647 755 1685 in
786 1660 962 1701 corpore
994 1646 1140 1688 condis
1152 1655 1178 1689 ⁰.

148 1701 355 1742 Matribus
385 1700 600 1742 insolitum
631 1699 733 1742 tales
763 1702 996 1756 producere
1026 1708 1186 1757 partus,

95 1769 113 1799 5
147 1756 260 1797 Hinc
290 1755 367 1797 tibi
395 1755 510 1797 nulla
541 1756 687 1797 decem
717 1757 898 1798 tulerant
926 1757 1094 1799 fastidia
1122 1773 1286 1800 menses
1297 1766 1325 1798 ¹³.

146 1811 273 1852 Alma
301 1826 466 1867 parens,
497 1810 600 1852 tales
629 1810 754 1852 nobis
783 1812 897 1852 haud
929 1812 1072 1854 desine
1102 1813 1237 1854 foetus

145 1867 299 1919 Edere,
331 1868 403 1922 qui
433 1867 522 1908 nati
551 1874 751 1921 superent
780 1874 820 1908 te
850 1874 986 1910 aetate
1015 1876 1232 1924 parentem
1246 1868 1264 1908 Γ

146 1922 266 1964 Talia
296 1923 512 1964 cunctanti
542 1922 694 1963 collum
726 1931 991 1978 percusserat
1020 1939 1130 1965 unus

144 1979 344 2034 Impiger,
376 1992 426 2019 ac
454 1979 596 2019 verbis
625 1979 767 2033 ipsum
798 1978 989 2033 culparat
1017 1981 1184 2020 amaris.

32 2034 112 2075 His
152 2035 210 2075 ita
245 2035 443 2090 peractis,
480 2033 643 2075 balteus
673 2035 764 2089 regi
802 2034 1040 2088 adducitur,
1083 2050 1216 2091 eaque
1253 2035 1296 2075 in
1325 2035 1520 2091 Burgun-

33 2090 146 2131 diam
176 2089 419 2131 destinatur.
478 2090 632 2131 Utrum
664 2098 817 2143 tamen,
850 2105 958 2145 quae
989 2089 1223 2143 abscondit,
1265 2098 1338 2133 aut
1368 2093 1439 2147 qui
1470 2095 1519 2134 es>

33 2146 246 2201 inquirere
275 2146 407 2197 iussit,
437 2144 602 2186 foedius
633 2147 777 2200 egerit,
808 2147 938 2187 michi
960 2148 1132 2202 quidem
1161 2146 1329 2188 videtur
1358 2147 1519 2203 amphi-

32 2201 190 2243 bolum.
251 2201 404 2256 Liquet
432 2207 586 2253 tamen,
619 2201 732 2256 quod
762 2209 940 2258 uterque
970 2203 1101 2244 nimia
1130 2203 1183 2244 sit
1213 2203 1304 2243 auri
1334 2218 1519 2258 gemma-

33 2271 211 2312 rumque
242 2256 441 2312 cupidine
471 2257 693 2298 animatus.

145 2313 209 2354 13.
266 2312 621 2368 Burgundionum
684 2319 876 2368 preterea
933 2329 1010 2356 rex
1068 2313 1276 2355 Rodulfus
1336 2321 1513 2355 mortem
1531 2329 1584 2363 (o.)

32 2368 184 2421 obiit33
230 2369 351 2409 cuius
379 2368 554 2409 viduam
593 2369 762 2410 nomine
794 2369 964 2411 Bertam
994 2384 1070 2411 rex
1099 2369 1240 2424 Hugo,
1281 2369 1404 2422 Alda,
1434 2370 1513 2411 Lo·
1526 2369 1635 2433 {³31⁷:U
1657 2407 1703 2440 (13

30 2424 153 2466 tharii
182 2424 292 2479 regis
324 2422 399 2464 filii
436 2424 501 2464 sui
541 2431 686 2476 matre,
724 2425 936 2478 defuncta,
976 2425 1157 2466 maritali
1196 2426 1275 2467 sibi
1314 2426 1512 2480 coniugio
1544 2416 1586 2433 ¹¹¹
1706 2407 1728 2441 )’

33 2480 216 2522 sotiarat.
276 2479 361 2521 Sed
399 2486 440 2521 et
477 2478 562 2520 filio
601 2494 689 2531 suo,
733 2481 822 2535 regi
851 2481 1066 2534 Lothario,
1109 2480 1279 2522 Rodulfi
1309 2488 1350 2522 et
1378 2482 1511 2536 ipsius

30 2535 182 2577 Bertae
212 2542 352 2577 natam
381 2535 551 2576 nomine
576 2534 869 2591 Adelegidam,
901 2551 997 2578 cum
1017 2537 1153 2578 forma
1171 2537 1510 2578 honestissimam
1524 2550 1600 2577 Deo.
1627 2550 1671 2575 12.

34 2655 63 2687 a)
86 2656 303 2681 inuerecundis
326 2657 352 2683 1.
435 2655 465 2688 b)
487 2656 711 2681 institutoribus
736 2658 763 2681 1.
847 2655 873 2688 c)
898 2657 996 2682 cordis
1021 2658 1047 2682 1.
1073 2658 1100 2682 2.

37 2742 74 2784 1)
100 2743 240 2776 Terent.
275 2744 385 2777 Andr.
412 2744 482 2785 ΙΙΙ,
511 2745 530 2774 2
558 2756 590 2776 v.
620 2744 652 2775 6.
692 2744 722 2775 7.
836 2742 872 2786 2)
901 2744 955 2776 Cf.
982 2745 1090 2786 Verg.
1118 2744 1194 2777 Ecl.
1221 2745 1282 2785 IV,
1312 2744 1373 2776 61:
1409 2744 1515 2777 Matri

32 2792 140 2835 longa
166 2792 290 2825 decem
315 2793 469 2825 tulerunt
493 2793 638 2826 fastidia
664 2802 815 2826 menses.
926 2791 965 2834 3)
992 2793 1048 2824 De
1076 2792 1144 2832 die,
1172 2803 1239 2835 quo
1266 2797 1422 2826 mortuus
1449 2797 1513 2833 est,

32 2841 75 2873 cf.
103 2841 252 2884 Koepke
276 2841 349 2873 und
375 2841 570 2882 Diimmler‚
602 2841 684 2874 Otto
713 2841 774 2874 der
801 2841 929 2874 Grosse
956 2853 990 2884 p.
1021 2841 1089 2872 110
1116 2852 1148 2873 11.
1177 2842 1209 2874 3.
