1878 3201
259 320 325 346 968.

142 380 219 406 Phil.
235 380 259 412 3,
276 379 320 405 19.

197 1336 330 1369 ·p.350.

340 198 406 228 142
700 193 999 227 LIUDPRANDI
1026 192 1249 226 LEGATIO.
1303 194 1455 225 11-13,

339 308 512 362 margia,
542 306 621 347 hoc
652 312 713 347 est
742 305 897 346 ventris
926 303 1152 358 ingluvies3
1184 309 1375 360 ‘quorum
1410 303 1513 344 deus
1542 308 1687 343 venter
1716 303 1807 354 est'3

341 377 519 419 quorum
558 360 737 402 audacia
772 359 964 415 crapula3
1003 359 1203 401 fortitudo
1239 359 1441 412 ebrietas,
1486 357 1688 399 ieiunium
1727 357 1807 398 dis·

340 418 508 470 solutio3
545 431 677 472 pavor
713 415 929 457 sobrietas.
987 415 1075 456 Nec
1107 422 1170 456 est
1197 416 1241 455 in
1269 415 1374 455 mari
1404 414 1573 455 domino
1603 419 1675 454 tito
1706 411 1809 454 clas·
1852 411 1861 432 '⁴

340 475 447 515 sium
476 487 688 513 numerus.
745 471 1047 524 Navigantium
1086 469 1285 511 fortitudo
1324 469 1426 510 mihi
1465 468 1541 510 soli
1577 468 1696 521 inest,
1738 468 1811 523 qui
1849 431 1867 561 Ξ

341 545 437 571 011111
478 526 682 569 classibus
719 526 952 580 aggrediar,
991 524 1101 567 bello
1137 526 1366 566 maritimas
1404 526 1492 566 eius
1523 524 1712 566 civitates
1741 523 1809 565 de·
1849 559 1868 578 ,υ

340 584 498 637 moliar,
530 588 570 624 et
600 596 706 637 quae
734 579 979 621 fluminibus
1009 586 1106 621 sunt
1134 581 1285 633 vicina,
1324 580 1514 636 redigam
1543 580 1587 620 in
1614 578 1810 620 favillam.
1853 581 1868 632 “fl

342 641 457 692 Quia,
487 638 590 680 cedo
620 637 734 689 mihi,
765 637 889 677 etiam
919 636 963 676 in
992 643 1102 677 terra
1131 636 1349 690 copiarum
1378 636 1589 690 paucitate
1618 635 1810 676 resistere
1856 634 1867 672 '2

340 694 522 750 poterit?
552 692 684 733 Filius
705 706 790 732 non
818 691 952 732 abfuit
964 691 996 743 b,
1025 705 1134 731 uxor
1153 705 1239 731 non
1258 690 1407 743 defuit,
1439 690 1641 743 Saxones,
1673 689 1814 741 Suevi,
1865 687 1867 737 J

340 749 539 805 Bagoarii
550 756 578 800 ⁰,
607 747 745 788 Italici
767 761 910 787 omnes
932 761 1029 787 cum
1051 760 1098 787 00
1120 746 1356 798 adfuerunt,
1378 752 1419 787 et
1440 761 1535 787 cum
1557 744 1814 787 civitatulam
1859 742 1867 787 [ὲ

341 819 469 846 11110111
509 803 589 845 sibi
626 803 888 844 resistentem
929 816 1079 856 capere
1119 802 1327 843 nescirent
1342 810 1368 854 ¹,
1412 801 1539 842 immo
1583 802 1816 856 nequirent,
1861 799 1867 825 ἵ

343 859 552 917 quomodo
593 858 695 898 mihi
733 858 923 899 resistent
961 857 1176 899 venienti?
1220 872 1345 913 quem
1388 862 1450 898 tot
1493 857 1638 911 copiae
1677 871 1816 911 prose·
1861 876 1863 882 v

343 922 533 973 quentur,

400 971 615 1025 Gargara²
648 975 749 1024 quot
780 974 964 1022 segetes,
1000 975 1101 1024 quot
1130 967 1258 1009 habet
1285 967 1533 1022 Methymna
1561 981 1764 1020 racemos,

400 1026 515 1079 Quot
545 1023 707 1066 caelum
738 1023 889 1077 stellas,
922 1032 1024 1079 quot
1052 1038 1167 1064 mare
1196 1024 1240 1063 in
1268 1023 1438 1065 flatibus
1468 1023 1633 1064 undas?

460 1094 522 1134 12.
583 1091 664 1133 Cui
701 1106 798 1132 cum
832 1091 1086 1147 respondere
1127 1098 1168 1132 et
1201 1090 1513 1147 apologeticum
1552 1090 1726 1144 dignum
1760 1089 1820 1130 in-

344 1149 514 1191 flatione
557 1147 637 1188 hac
681 1148 905 1188 evomered
948 1146 1119 1200 vellem,
1166 1161 1251 1188 non
1293 1147 1503 1202 permisit;
1549 1146 1623 1187 sed
1664 1144 1819 1187 adiecit

346 1205 465 1262 quasi
504 1203 559 1244 ad
598 1202 914 1244 contumeliam:
960 1203 1059 1244 ‘Vos
1096 1217 1180 1243 non
1214 1203 1408 1256 Romani,
1446 1203 1520 1244 sed
1548 1200 1819 1256 Langobardi

346 1261 477 1303 estis!'
525 1258 605 1300 Cui
641 1258 780 1299 adhuc
810 1258 947 1299 dicere
977 1257 1148 1312 volenti,
1188 1264 1227 1299 et
1264 1272 1404 1310 manu,
1444 1265 1491 1300 ut
1525 1264 1722 1309 tacerem,
1761 1257 1821 1297 in-

345 1316 504 1368 nuenti,
536 1321 770 1355 commotus
790 1315 984 1369 inquam:
1014 1313 1274 1354 *Romulum
1295 1313 1566 1366 fratricidam,
1596 1327 1650 1354 ex
1705 1326 1760 1353 uo
1781 1317 1823 1353 et

346 1370 526 1413 Romani
579 1369 679 1410 dicti
723 1376 837 1421 sunt,
880 1369 1242 1424 porniogenitum,
1291 1369 1371 1409 hoc
1415 1375 1478 1410 est
1519 1384 1572 1409 ex
1615 1367 1689 1408 adt
1716 1367 1821 1409 terio

346 1434 506 1478 natum,
539 1424 899 1479 chronographiae
939 1424 1136 1469 innotuit:
1176 1423 1424 1479 asylumque
1464 1422 1544 1464 sibi
1578 1422 1740 1476 fecisse,
1779 1423 1824 1463 in

348 1497 431 1539 quo
473 1481 598 1521 alieni
634 1481 743 1521 aeris
786 1479 1007 1532 debitores,
1049 1479 1246 1535 fugitivos
1285 1494 1442 1532 servos,
1486 1477 1730 1531 homicidas,
1775 1492 1825 1520 ac

346 1553 423 1594 pro
466 1536 653 1578 reatibus
696 1535 781 1576 suis
824 1542 957 1576 morte
1002 1534 1152 1590 dignos
1192 1535 1388 1591 suscepit,
1432 1533 1826 1591 multitudinemque

349 1591 563 1650 quandam
603 1590 749 1632 talium
780 1589 861 1632 sibi
891 1591 1053 1642 ascivit,
1095 1604 1200 1646 quos
1236 1591 1448 1631 Romanos
1485 1588 1730 1645 appellavit3
1770 1605 1825 1632 ex

350 1664 434 1705 qua
463 1646 679 1689 nobilitate
708 1647 931 1703 propagati
962 1653 1058 1688 sunt
1087 1646 1183 1702 ipsi,
1225 1661 1330 1702 quos
1359 1661 1437 1687 vos
1476 1645 1824 1698 kosmocratores,

347 1704 391 1746 id
413 1709 476 1746 est
495 1703 783 1758 imperatores,
814 1701 1056 1758 appellatis,
1087 1716 1192 1757 quos
1212 1716 1301 1755 nos,
1335 1701 1628 1757 Langobardif
1650 1701 1823 1753 scilicet,

350 1761 554 1812 Saxones,
576 1758 743 1811 Franci,
770 1757 1030 1812 Lotharingi,
1056 1758 1284 1813 Bagoariig
1316 1757 1459 1810 Suevi,
1488 1756 1827 1812 Burgundiones,

348 1821 463 1858 tanto
509 1814 799 1869 dedignamur,
844 1821 890 1855 ut
932 1814 1122 1854 inimicos
1165 1820 1332 1854 nostros
1372 1813 1569 1854 commoti
1612 1811 1671 1853 nil
1712 1811 1826 1854 aliud

350 1869 712 1921 contumeliarum,
742 1870 841 1910 nisi:
871 1870 1080 1911 Romane!
1113 1868 1318 1922 dicamus,
1348 1869 1430 1910 hoc
1459 1868 1560 1920 solo,
1590 1867 1634 1908 id
1663 1874 1726 1909 est
1745 1868 1825 1909 Ro-

349 1941 572 1968 manorum
601 1926 782 1977 nomine,
815 1925 1015 1981 quicquid
1036 1924 1322 1979 ignobilitatis,
1355 1923 1557 1981 quicquid
1577 1923 1824 1975 timiditatis,

351 1982 557 2039 quicquid
599 1981 812 2033 avaritiae,
859 1981 1060 2036 quicquid
1103 1980 1308 2033 luxuriae,
1355 1978 1559 2036 quicquid
1601 1979 1822 2027 mendacii,

350 2040 480 2080 immo
525 2036 726 2093 quicquid
768 2036 967 2077 vitiorum
1010 2042 1094 2089 est,
1144 2035 1559 2091 comprehendentes.
1630 2033 1827 2076 Imbelles

350 2109 451 2137 vero
494 2107 571 2134 nos
615 2100 655 2134 et
694 2091 910 2148 equitandi
946 2092 1101 2132 inscios
1137 2093 1236 2146 quia
1272 2091 1388 2144 dicis,
1434 2092 1469 2132 si
1509 2090 1827 2131 christianorum

352 2156 528 2206 peccata
556 2154 864 2204 promerentur,
902 2154 948 2189 ut
977 2148 1020 2188 in
1049 2147 1128 2188 hac
1167 2147 1408 2188 austeritate
1437 2145 1653 2202 perdures,
1684 2144 1828 2202 quales

352 2220 428 2247 vos
458 2205 556 2246 estis
587 2218 767 2260 quamve
796 2217 1012 2259 pugnaces
1043 2217 1120 2244 nos
1142 2203 1283 2256 simus,
1312 2201 1424 2245 bella
1443 2202 1637 2258 proxima
1657 2201 1827 2243 demon-

355 2262 571 2303 strabunt'.

467 2317 530 2357 13.
576 2315 751 2357 Talibus
780 2313 1043 2369 Nicephorus
1074 2313 1351 2356 exacerbatus
1379 2313 1514 2366 dictis,
1551 2327 1679 2354 manu
1707 2311 1827 2354 silen-

354 2373 462 2414 tium
505 2371 679 2423 indixit,
729 2385 1001 2426 mensamque
1054 2371 1143 2412 sine
1186 2369 1403 2412 latitudine
1446 2368 1614 2424 longam
1658 2368 1826 2420 auferri,

355 2442 507 2483 meque
546 2428 589 2467 in
626 2427 805 2467 invisam
843 2426 1028 2478 domum,
1066 2441 1139 2467 seu
1178 2432 1224 2466 ut
1260 2426 1400 2467 verius
1434 2424 1566 2466 fatear
1605 2437 1829 2476 carcerem,

355 2484 511 2525 reverti
549 2483 752 2538 precepit.
811 2480 897 2522 Ubi
937 2487 1031 2536 post
1066 2480 1257 2534 biduum,
1298 2495 1393 2521 cum
1422 2480 1706 2535 indignatione
1736 2485 1826 2521 tum

357 2544 475 2581 aestu
505 2546 545 2580 et
576 2538 655 2591 siti,
685 2551 841 2593 magno
873 2551 964 2578 sum
994 2536 1195 2592 languore
1225 2536 1411 2579 affectus.
1472 2535 1556 2576 Sed
1586 2540 1626 2576 et
1654 2533 1830 2576 assecla-

357 2647 386 2679 a)
410 2648 484 2677 Quis
507 2647 533 2672 C.
558 2646 616 2677 Qui
639 2646 821 2671 Giesehrecht.
884 2644 914 2677 b)
938 2645 1035 2670 adfuit
1056 2645 1083 2670 C.
1145 2642 1172 2676 c)
1194 2644 1292 2669 boarii
1315 2645 1343 2672 C.
1405 2642 1435 2676 d)
1459 2649 1600 2669 emovere
1622 2642 1648 2668 O.
1712 2641 1741 2677 e)
1763 2641 1831 2667 cho·

357 2686 561 2718 ronographia
584 2686 614 2712 C.
688 2684 710 2717 f)
733 2684 914 2716 longobardi
936 2685 963 2711 C.
1043 2682 1072 2716 g)
1096 2684 1213 2709 baoarii
1236 2683 1263 2711 Ο.

360 2771 397 2816 1)
424 2774 577 2813 Barium,
603 2773 753 2816 Apuliae
782 2773 970 2813 civitatem,
999 2782 1101 2814 quam
1130 2772 1211 2805 Otto
1238 2782 1320 2804 vere
1347 2771 1428 2803 anni
1454 2769 1523 2802 968
1552 2768 1750 2810 obsederat,
1787 2768 1832 2804 cf,

357 2822 447 2854 infra
475 2833 503 2854 c.
532 2822 588 2854 45.
616 2822 661 2853 57
688 2833 721 2855 v.
751 2822 902 2854 10—14.
1003 2819 1040 2862 2)
1068 2820 1171 2854 Ovid.
1200 2820 1243 2852 de
1270 2823 1343 2852 arte
1370 2819 1510 2852 amandi
1537 2819 1565 2859 Ι,
1593 2819 1649 2851 57.
1678 2818 1734 2850 59.
