1837 3209
291 151 334 182 92
480 152 780 184 LIUDPRANDI
806 153 1149 186 ANTAPODOSIS.
1201 154 1294 186 LIB.
1322 154 1385 186 IV.
1439 155 1592 187 25—26.

212 260 461 302 939-Rodulfi
491 263 603 317 regis
634 277 704 303 cor
735 263 949 316 emollivit,
978 264 1174 319 iustoque
1204 265 1294 319 regi
1324 265 1433 305 iusta
1456 266 1565 307 iuste
1585 268 1774 321 petentia
1832 266 1837 310 ἕ

292 317 484 358 cominus
514 318 698 359 tradidit.
756 319 905 374 Neque
936 319 1046 359 enim
1076 334 1179 373 pace
1208 326 1402 374 presente
1433 320 1633 362 simultati
1656 320 1775 364 locus

292 379 391 415 erat.
450 372 559 413 Nam
591 381 631 415 et
661 388 723 426 00,
764 375 836 428 qui
865 374 930 414 his
962 374 1190 414 crucifixus
1222 382 1296 426 est,
1337 390 1361 416 a
1390 375 1526 416 Pilato
1557 376 1611 417 ad
1639 376 1773 418 Hero-

292 428 388 469 dem
434 436 698 483 properante,
743 429 841 470 facti
886 437 982 470 sunt
1025 430 1150 469 amici
1194 430 1237 469 in
1285 429 1355 470 illa
1404 431 1483 483 die,
1535 433 1606 487 qui
1654 433 1774 486 prius

291 484 448 523 inimici
480 491 598 525 erant
627 483 682 523 ad
718 484 914 524 invicem.
974 485 1142 536 Quanto
1179 492 1320 525 autem
1356 500 1498 528 amore
1533 502 1609 527 rex
1644 487 1776 529 Hein-

290 539 402 580 ricus
446 539 656 594 prefatum
699 538 977 580 inestimabile
1016 539 1172 579 donum
1209 541 1434 595 acceperit,
1473 557 1570 582 cum
1600 543 1644 583 in
1673 557 1774 584 non-

290 593 414 635 nullis
445 595 584 646 rebus,
614 601 703 634 tum
734 594 777 634 in
806 594 886 635 hoc
916 595 1136 649 presertim
1167 594 1328 647 claruit,
1374 596 1488 650 quod
1525 612 1610 638 non
1640 598 1775 639 solum
1834 608 1837 610 “

291 664 339 691 eo
371 649 540 689 dantem
571 664 614 690 se
645 650 737 690 auri
768 652 1015 705 argentique
1046 650 1307 703 muneribus,
1338 666 1484 692 verum
1515 653 1640 694 etiam
1672 653 1776 694 Sue·

289 719 437 745 vorum
468 705 685 760 provincie
716 711 835 760 parte
865 720 947 746 non
979 706 1154 746 minima
1182 706 1415 747 honoravit.
1469 707 1588 749 Deus
1619 716 1772 762 autem,

290 761 374 815 qui,
407 774 489 815 quo
521 761 699 815 quisque
730 761 833 815 quid
862 762 1001 801 animo
1032 768 1220 816 peragat,
1251 762 1448 815 intuetur,
1475 777 1560 804 non
1590 766 1778 806 muneris

290 815 536 870 quantitatis
593 815 665 856 sed
716 815 852 857 bonae
903 816 1130 857 voluntatis
1182 817 1396 872 inspector
1444 831 1494 858 ac.
1536 820 1775 873 retributor,

289 879 446 925 quanta
478 869 531 911 ob
562 870 814 926 prelibatam
843 887 931 913 rem
962 871 1157 913 mercede
1187 880 1357 914 aeterno
1386 873 1430 913 in
1460 873 1627 915 saeculo
1655 875 1775 930 pium

288 927 510 968 donaverit
538 941 696 981 regem,
727 927 894 968 indiciis
937 927 1192 983 quibusdam
1228 927 1308 969 hoc
1340 929 1467 969 etiam
1505 930 1549 970 in
1583 936 1773 986 tempore

288 981 488 1039 prodidit,
520 982 620 1023 dum
652 991 797 1024 contra
828 998 871 1024 se
901 984 1166 1038 insurgentes
1195 983 1276 1024 hoc
1303 983 1543 1026 victorifero
1573 993 1777 1040 preeunte

290 1039 412 1093 signo
445 1052 611 1093 semper
640 1038 781 1080 hostes
817 1040 966 1080 terruit
1001 1046 1128 1094 atque
1168 1039 1346 1094 fugavit.
1411 1039 1506 1080 Hac
1542 1041 1672 1095 igitur
1708 1056 1777 1082 oc—

291 1095 472 1146 casione,
512 1094 642 1134 immo
683 1094 750 1135 dei
789 1094 1015 1146 voluntate,
1063 1101 1253 1135 sanctam
1295 1110 1372 1135 rex
1407 1095 1631 1137 Heinricus
1667 1111 1775 1137 rom-

290 1149 444 1205 pheam
475 1149 653 1204 adeptus
684 1158 764 1203 est,
798 1165 924 1205 quam
955 1150 1040 1191 filio
1073 1165 1163 1202 suo,
1195 1149 1247 1191 de
1279 1151 1394 1206 quob
1425 1152 1775 1206 inpresentiarum

142 1204 412 1245 ·p·³23.110bis
457 1219 594 1245 sermo
639 1214 714 1259 est,
765 1205 972 1247 decedens
1017 1220 1113 1246 cum
1158 1221 1288 1261 regno
1334 1207 1476 1247 simul*
1522 1206 1775 1249 hereditario

290 1259 527 1314 dereliquit.
606 1260 691 1312 Qui
750 1269 908 1316 quanta
964 1261 1121 1302 donum
1171 1262 1452 1304 inestimabile
1506 1264 1776 1305 veneratione

290 1314 479 1367 coluerit,
508 1316 685 1357 victoria
714 1331 799 1357 non
830 1317 965 1358 solum
1005 1317 1165 1358 indicat
1202 1332 1389 1371 presens,
1430 1332 1580 1358 verum
1615 1318 1776 1360 divino-

288 1385 394 1422 rum,
424 1377 470 1411 ut
499 1372 707 1426 promturi
738 1387 896 1425 sumus,
928 1371 1176 1413 admiranda
1204 1373 1371 1427 largitio
1402 1388 1636 1414 munerum.
1695 1374 1776 1415 His

287 1428 430 1481 itaque
474 1428 707 1482 perterritis
747 1434 873 1483 atque
911 1427 1082 1482 fugatis,
1126 1442 1204 1468 rex
1241 1428 1377 1480 rediit,
1415 1443 1500 1469 non
1530 1436 1694 1470 tantum
1724 1429 1777 1471 de

288 1482 466 1523 victoria
494 1481 640 1536 laetus,
673 1490 878 1538 quantum
908 1484 959 1524 de
990 1483 1135 1524 divina
1164 1484 1431 1525 miseratione
1456 1484 1718 1539 magnificus.

200 1540 273 1574 (¹³)
401 1539 467 1580 26.
498 1539 623 1580 Libet
653 1545 795 1579 autem
825 1538 1045 1594 paululum
1085 1539 1314 1592 immorari,
1354 1545 1394 1580 et
1432 1540 1546 1595 quod
1580 1555 1666 1582 non
1694 1541 1776 1582 for-

288 1594 398 1634 tuitu
429 1593 504 1635 sed
534 1593 613 1635 deo
644 1593 891 1650 disponente
922 1595 1000 1635 hec
1029 1595 1088 1636 ita
1117 1595 1357 1647 acciderint,
1389 1610 1596 1638 enarrare.
1647 1595 1775 1648 Quod

287 1648 382 1690 luce
412 1650 535 1690 nobis
567 1649 719 1691 clarius
751 1649 961 1692 constabit
974 1658 1001 1698 ⁰,
1045 1651 1079 1691 si
1110 1650 1270 1691 domini
1307 1658 1347 1692 et
1385 1650 1603 1693 salvatoris
1641 1654 1774 1694 nostri

287 1705 386 1746 Iesu
419 1705 576 1747 Christi
606 1706 927 1761 apparitionem,
969 1721 1077 1762 quae
1119 1712 1216 1761 post
1249 1707 1599 1748 resurrectionem
1628 1707 1773 1750 mulie-

287 1760 405 1801 ribus
435 1775 484 1802 ac
516 1761 734 1816 discipulis
764 1762 875 1803 facta
905 1769 980 1814 est,
1010 1762 1053 1802 in
1084 1761 1271 1803 medium
1301 1762 1579 1817 proferamus.
1620 1763 1773 1805 Fidem

137 1816 416 1868 Ioh.13,Pe³[l'i7
457 1816 727 1858 dilectionem
765 1817 964 1858 Iohannis
1004 1831 1132 1872 supra
1171 1823 1318 1872 pectus
1355 1818 1547 1872 magistri
1586 1819 1629 1859 in
1669 1834 1773 1861 cena

149 1870 193 1895 ²3·
217 1870 263 1895 25‘
287 1872 586 1925 recumbentis,
632 1872 816 1914 Thomas
862 1873 1036 1914 firmiter
1078 1879 1266 1926 noverat,
1311 1888 1383 1914 eos
1428 1873 1482 1914 ad
1529 1874 1772 1930 sepulcrum

287 1928 536 1977 cucurrisse,
585 1928 799 1984 nichilque
843 1936 982 1984 preter
1024 1928 1268 1970 linteamina
1310 1928 1520 1971 invenisse
1568 1929 1772 1984 audierat,

283 1982 529 2038 angelorum
560 1984 686 2024 etiam
715 1985 914 2037 visiones,
953 1985 1026 2040 qui
1055 1999 1152 2025 eum
1181 1986 1323 2025 vivere
1353 1991 1598 2037 assererent,
1629 1987 1773 2028 mulie-

282 2037 401 2079 ribus
431 2041 681 2094 apparuisse
711 2048 980 2095 cognoverat.
1040 2039 1125 2081 Sed
1146 2047 1254 2093 esto3
1284 2040 1391 2081 forte
1413 2042 1525 2081 enim
1546 2041 1771 2084 mulierum

283 2094 571 2136 infirmitatem
602 2096 886 2149 considerans,
932 2095 1180 2137 mulieribus
1226 2110 1311 2136 non
1355 2096 1564 2138 credebat.
1639 2096 1771 2152 Cedo,

283 2150 469 2206 inquam,
514 2158 657 2193 sancte
688 2151 864 2205 Thoma,
912 2152 947 2192 si
985 2152 1151 2193 duobus
1188 2150 1406 2206 discipulis
1450 2151 1506 2193 ad
1550 2153 1769 2195 castellum

282 2205 487 2247 Emmaus
518 2207 857 2262 properantibus,
898 2206 1055 2263 quibus
1093 2222 1179 2248 non
1216 2206 1352 2248 solum
1391 2209 1590 2263 apparuit
1626 2209 1700 2251 sed
1730 2215 1771 2251 et

284 2262 529 2317 scripturas,
562 2277 670 2318 quae
701 2263 754 2305 de
786 2279 829 2305 se
860 2270 990 2316 erant,
1021 2264 1258 2320 apperuitd,
1295 2264 1424 2304 immo
1466 2264 1591 2305 etiam
1621 2279 1768 2306 secun-

282 2317 385 2358 dum
417 2326 663 2360 consuetum
708 2333 869 2361 morem
905 2333 1059 2374 panem
1098 2319 1329 2371 benedixit,
1368 2319 1506 2374 fregit,
1549 2334 1599 2360 ac
1639 2320 1769 2374 dedit,

282 2388 366 2414 non
411 2374 568 2427 credis,
620 2374 816 2416 omnibus
865 2382 1007 2416 tamen
1056 2373 1374 2429 condiscipulis,
1425 2375 1580 2429 quibus
1629 2376 1769 2418 ianuis

282 2428 436 2470 clausis
467 2431 677 2485 apparuit,
709 2431 812 2487 quid
842 2430 971 2471 fidem
1000 2444 1086 2471 non
1116 2429 1317 2471 adhibere
1342 2429 1590 2471 contendis?
1619 2431 1767 2472 Memi-

281 2485 446 2538 nistine,
491 2487 678 2541 inquam,
723 2486 904 2528 eundem
950 2485 1167 2527 dominum
1212 2493 1253 2527 et
1296 2493 1587 2541 preceptorem
1629 2494 1766 2541 tuum,

281 2541 349 2581 cui
397 2549 437 2582 te
486 2543 833 2583 commoriturum
882 2541 1178 2597 promittebas,
1228 2549 1323 2582 ante
1371 2542 1612 2596 passionem
1660 2543 1766 2584 haec

282 2597 421 2637 omnia
451 2597 714 2652 predixisse‘?
743 2597 818 2638 Ait
846 2612 1047 2653 namque:
1088 2597 1215 2638 ‘Ecce
1245 2597 1513 2639 ascendimus
1543 2597 1766 2640 lherosoli-

121 2643 194 2668 Luc.
220 2644 265 2672 Μ’
281 2666 406 2703 mam,
457 2660 497 2694 et
541 2653 950 2695 consummabuntur
994 2655 1147 2706 omnia,
1192 2667 1300 2708 quae
1345 2654 1504 2709 scripta
1549 2661 1647 2695 sunt
1689 2669 1767 2710 per

139 2683 264 2708 31—33.

281 2760 309 2793 a)
331 2762 502 2792 petentemi
522 2763 545 2786 1.
608 2761 639 2793 b)
658 2769 711 2787 suo
734 2763 813 2787 unde
837 2763 875 2795 (ἴ),
901 2761 961 2795 52..)
986 2760 1032 2787 5a‘
1061 2762 1124 2786 Vita
1146 2760 1173 2787 S.
1192 2761 1314 2786 Gerardl
1335 2762 1503 2787 Bz’oniensis
1525 2769 1545 2788 c.
1563 2762 1607 2787 18.
1664 2760 1691 2794 c)
1708 2768 1764 2787 con

281 2800 430 2825 constabit
453 2802 480 2826 1.
503 2800 614 2826 duabus
635 2802 725 2827 lineis.
808 2802 836 2834 d)
860 2803 880 2827 ’1.
904 2810 925 2829 e.
950 2802 1078 2833 aperuit.
