1902 3200
248 216 546 251 LIUDPRANDI
572 215 916 249 ANTAPODOSIS.
968 215 1065 251 LIB.
1088 216 1136 247 11.
1190 217 1232 247 15
1259 217 1341 250 -20.
1490 218 1536 249 35

57 331 159 371 tiam
188 328 269 369 nisi
296 325 587 367 munitissimis
618 325 723 366 forte
753 324 1050 380 prestolaretur
1086 326 1129 365 in
1159 324 1301 366 locis1.
1361 326 1534 368 Illorum
1550 336 1617 363 899.

58 399 157 426 sane
186 382 291 424 adeo
320 380 584 437 prevaluerat
617 381 766 433 virtus,
813 381 1007 435 quatinus
1038 394 1182 421 eorum
1220 395 1316 435 pars
1355 381 1535 436 quedam

58 438 324 494 Bagoariam,
370 436 582 488 Sueviam,
634 436 869 489 Franciam,
915 434 1158 488 saxoniam,
1212 435 1393 490 quedam
1435 451 1535 478 vero

58 492 384 549 depopularetur
409 490 587 532 Italiam.

170 548 253 588 165²
297 546 443 602 Neque
474 547 585 587 enim
615 546 696 586 hoc
727 561 872 587 eorum
902 553 1111 587 meruerat
1139 546 1286 598 virtus,
1318 547 1392 587 sed
1412 560 1535 587 verus

58 603 216 646 domini
246 616 397 655 sermo,
426 609 536 643 terra
567 601 767 656 caeloque
798 600 1038 654 durabilior,
1070 601 1222 642 mutari
1251 615 1336 641 non
1359 608 1536 655 poterat,

26 670 31 673 “
58 657 413 716 quemadmodum
429 672 504 712 per
524 657 798 711 Hyeremiam
815 657 1064 720 prophetam
1081 656 1276 697 omnibus
1294 657 1535 698 nationibus

56 716 100 756 in
141 727 322 769 persona
365 712 514 754 domus
556 711 714 754 Israhel
758 718 1038 753 commmatur
1081 712 1244 752 dicens:
1294 712 1420 753 ‘Ecce
1458 726 1535 766 ego
1550 729 1607 754 1er.
1632 730 1657 761 5,

56 768 262 812 adducam
292 783 419 824 super
447 783 524 809 vos
554 774 723 822 gentem
753 767 805 809 de
835 767 1077 823 longinquo,
1108 775 1276 822 gentem
1306 768 1534 820 robustam,
1552 768 1663 794 15-17

55 831 225 880 gentem
268 825 507 879 antiquam,
567 830 737 878 gentem
783 824 901 864 cuius
946 823 1160 879 ignorabis
1204 822 1414 878 linguam,
1459 837 1536 864 nec

55 878 271 934 intelleges
324 880 425 935 quid
471 879 680 933 loquatur.
752 878 953 919 Pharetra
995 879 1084 919 eius
1129 879 1250 934 quasi
1298 877 1537 933 sepulcrum

54 942 216 991 patens,
248 935 435 976 universi
474 934 614 986 fortes,
655 940 695 975 et
735 934 926 975 comedet
963 941 1124 988 segetes
1162 942 1266 985 tuas,
1306 941 1346 975 ct
1381 948 1537 988 panem

54 997 173 1032 tuum
213 989 449 1042 devorabit,
490 989 597 1030 filios
633 996 727 1029 tuos
768 996 808 1030 et
839 989 946 1029 filias
985 996 1076 1029 tuas
1114 989 1324 1041 comedet3
1363 1003 1537 1043 gregem

55 1053 175 1088 tuum
205 1052 246 1086 et
275 1052 464 1086 armenta
492 1051 564 1085 tua
595 1043 798 1096 comedet,
836 1044 1004 1087 vineam
1034 1050 1150 1084 tuam
1181 1051 1223 1084 et
1252 1044 1377 1084 ficum
1408 1049 1536 1095 tuam,

56 1107 97 1143 et
126 1105 313 1142 conteret
339 1100 465 1150 urbes
496 1099 677 1139 munitas
707 1105 813 1149 tuas,
844 1099 888 1139 in
919 1099 1070 1154 quibus
1100 1106 1145 1140 tu
1174 1098 1302 1140 habes
1332 1099 1536 1152 fidutiam,

84 1155 208 1197 ladio.
266 1155 556 1196 Veruntamen
585 1155 630 1194 in
659 1153 807 1195 diebus
838 1153 931 1207 illis,
972 1154 1030 1196 ait
1059 1153 1254 1194 dominus
1285 1153 1400 1206 deus,
1452 1168 1538 1195 non

72 1211 199 1253 atiam
228 1225 304 1252 vos
334 1210 376 1251 in
407 1208 791 1251 consummatione'.

170 1266 233 1307 17.
277 1265 372 1307 Hac
409 1266 537 1320 igitur
577 1265 723 1305 eadem
762 1270 1009 1320 tempestate
1045 1263 1306 1305 Hulodoicus
1346 1279 1421 1306 rex
1450 1279 1532 1305 mo·
1550 1271 1602 1323 ᾳ)

54 1322 170 1364 ritur.
243 1320 496 1362 Chunradus
554 1321 815 1362 Francorum
872 1335 926 1361 ex
983 1334 1136 1374 genere
1193 1319 1414 1373 oriundus,
1470 1321 1536 1360 vir
1549 1311 1624 1375 §¹0¹5-

0 1397 3 1404 ¹
55 1383 247 1419 strenuus
276 1376 566 1431 bellorumque
588 1375 817 1417 exercitiob
849 1375 1008 1427 doctus,
1038 1390 1115 1416 rex
1140 1376 1301 1417 cunctis
1322 1391 1347 1416 a
1366 1375 1535 1432 populis
1570 1388 1596 1412 8-

0 1468 2 1474 ,
55 1432 282 1474 ordinatur.

167 1488 252 1529 18.ει
296 1487 384 1529 Sub
426 1501 507 1541 quo
549 1486 827 1541 potentissimi
867 1486 1079 1540 principes
1119 1485 1331 1527 Arnaldus
1374 1486 1417 1526 in
1454 1486 1534 1527 Ba-

53 1544 212 1598 goaria,
233 1542 505 1583 Bruchardus
526 1543 568 1581 in
591 1541 759 1594 Suevia,
791 1541 1032 1582 Everardus
1057 1555 1198 1583 comes
1217 1541 1535 1597 potentissimus

52 1599 97 1639 in
126 1599 317 1650 Francia,
358 1596 619 1639 Giselbertus
659 1597 747 1637 dux
782 1597 826 1637 in
864 1596 1140 1651 Lotharingia
1153 1604 1181 1650 2,
1226 1604 1355 1638 erant.
1417 1598 1535 1649 Quos

51 1655 162 1695 inter
197 1653 435 1705 Heinricus,
477 1652 695 1693 Saxonum
733 1659 773 1694 et
816 1652 1118 1707 Turingiorum
1162 1658 1389 1708 prepotens
1434 1652 1534 1705 dux,

55 1708 252 1750 clarebat.
688 1734 695 1738 -

164 1765 250 1804 *la
296 1762 492 1804 Secundo
543 1763 686 1817 itaque
738 1764 857 1817 regni
909 1762 1033 1803 huius
1079 1764 1380 1818 sussceptionis
1423 1767 1678 1817 anno‘p5292-

53 1819 273 1860 memorati
301 1819 545 1873 principes-³
576 1817 686 1869 huic,
727 1818 946 1872 presertim
977 1818 1216 1871 Heinricus,
1252 1818 1427 1860 rebelles
1464 1808 1615 1860 eX-913·

51 1876 233 1916 titerant.
292 1875 408 1926 Quos
441 1872 718 1914 Chuonradus
748 1886 826 1914 rex
854 1879 940 1914 tam
972 1873 1201 1927 sapientiae
1231 1874 1377 1928 vigore
1409 1888 1535 1929 quam

0 1943 1 1955 ³
52 1929 308 1971 fortitudinis
338 1928 488 1970 robore
519 1929 734 1984 superavit
758 1943 963 1984 suamque
983 1929 1038 1969 ad
1059 1927 1300 1970 fidelitatem
1323 1929 1535 1985 perduxit.

0 2011 1 2025 2
52 1984 263 2027 Arnaldus
302 1990 442 2026 autem
479 1984 568 2025 eius
605 1985 736 2025 nimio
775 1991 932 2026 terrore
973 1990 1157 2037 coactus,
1198 1999 1295 2026 cum
1333 1999 1465 2026 uxore
1496 1992 1536 2027 et
1551 1992 1618 2019 916»

52 2040 148 2082 filiis
175 2041 229 2082 ad
248 2040 491 2095 Hungarios
520 2039 639 2094 fugit,
671 2039 900 2096 deguitque
922 2039 1083 2093 eodem,
1106 2040 1246 2095 quoad
1272 2039 1413 2082 vitalis
1433 2054 1536 2082 aura

54 2095 299 2139 Chuonradi
326 2095 438 2150 regis
467 2103 635 2136 rexerat
663 2102 777 2136 artus
790 2102 820 2135 4.

164 2152 230 2192 20.
277 2150 465 2206 Septimo
496 2150 676 2206 denique
706 2151 825 2206 regni
856 2151 919 2191 sui
949 2165 1058 2192 anno
1089 2152 1319 2192 vocationis
1349 2165 1451 2193 suae
1480 2153 1534 2194 ad
1549 2160 1613 2186 918-

54 2206 181 2248 deum
220 2213 386 2261 tempus
424 2206 608 2260 agnovit.
680 2205 901 2261 Cumque⁵
944 2214 1197 2248 memoratos
1237 2207 1450 2263 principes
1488 2223 1534 2249 se
1548 2200 1622 2225 Dec·
1644 2199 1691 2226 ²3·

55 2261 170 2303 adire
192 2261 372 2313 fecisset,
394 2261 596 2302 Heinrico
618 2260 882 2302 solummodo
902 2276 987 2302 non
1008 2270 1214 2317 presente,
1235 2263 1294 2302 ita
1314 2263 1532 2305 convenit:

55 2317 136 2358 ‘Ex
166 2317 431 2373 corruptione
462 2315 516 2357 ad
546 2316 917 2372 incorruptionem,
949 2332 1003 2358 ex
1022 2317 1273 2359 mortalitate
1296 2318 1350 2359 ad
1379 2319 1532 2359 inmor-

53 2371 253 2414 talitatem
297 2372 528 2414 vocationis
573 2387 691 2414 meae
734 2380 913 2428 tempus,
958 2380 1004 2414 ut
1043 2374 1224 2425 cernitis,
1265 2381 1407 2428 presto
1448 2381 1531 2426 est3

53 2496 82 2531 a)
105 2498 154 2523 hoc
175 2502 259 2529 caput
282 2505 339 2523 non
361 2498 546 2530 distinguitur
570 2498 594 2522 1.
677 2496 708 2529 b)
731 2499 874 2524 exorsitio
898 2500 924 2525 1.

55 2600 91 2643 1)
119 2601 172 2635 cf.
193 2614 222 2635 c.
242 2604 275 2634 5.
303 2604 361 2638 43.
433 2605 468 2644 2)
496 2606 706 2647 Reginarius
743 2607 777 2635 et
803 2604 1023 2637 Giselbertus
1057 2605 1148 2638 filius
1184 2607 1258 2637 eius
1284 2606 1530 2637 Lothariorum

54 2649 172 2689 duces,
209 2651 396 2685 chunrado
422 2664 516 2695 rege,
543 2663 652 2694 regno
679 2652 894 2685 Francorum
921 2653 1194 2686 occidentalium
1221 2664 1259 2685 se
1286 2653 1529 2685 adiunxerant.

52 2696 91 2739 3)
114 2699 340 2733 Eberhardus
376 2712 565 2744 numquam
605 2705 727 2733 contra
761 2701 902 2733 fratrem
938 2703 1098 2735 surrexit.
1198 2700 1237 2743 4)
1262 2701 1428 2734 Arnulfus
1460 2702 1529 2733 iam

54 2745 241 2780 Chunrado
267 2749 346 2781 vivo
375 2760 417 2782 ex
443 2750 626 2791 Hungaria
653 2748 800 2781 rediisse
827 2749 976 2781 videtur.
1059 2749 1096 2791 5)
1123 2750 1200 2782 Non
1226 2751 1403 2792 principes
1430 2751 1529 2791 regni

52 2794 114 2826 sed
149 2797 317 2838 primores
347 2798 560 2830 Francorum
595 2801 632 2830 ut
664 2798 870 2829 Heinricum
898 2797 1070 2839 eligerent
1107 2797 1314 2830 Chunradus
1349 2798 1532 2830 admonuit

54 2842 97 2875 cf.
124 2843 316 2886 Reginonis
345 2847 474 2878 contin.
502 2846 583 2887 919,
610 2846 803 2878 Thietmari
831 2844 959 2878 Chron.
990 2847 1005 2877 Ι
1035 2857 1064 2879 c.
1093 2847 1126 2879 5.

1178 2911 1221 2943 3.
