1902 3200
250 209 552 242 LIUDPRANDI
577 207 920 241 ANTAPODOSIS.
971 208 1063 242 LIB.
1090 210 1138 242 ΙΙ.
1190 210 1344 244 22—24.
1491 214 1537 244 37

227 320 391 360 ‘Insana
420 317 579 358 domini
608 318 732 358 iussis
763 317 865 373 quid
895 325 1033 358 mente
1063 319 1250 359 resistis?
1362 321 1620 363 Vcrsus.921.

279 372 405 425 Quod
433 372 616 428 populus
645 388 787 427 regem
818 388 884 414 me
914 374 1030 428 cupit
1059 388 1162 425 esse,
1194 375 1314 425 scias,

222 429 406 482 Imperio
439 427 606 480 Christi,
639 442 721 483 quo
754 434 917 469 constat
945 427 1141 468 machina
1169 429 1366 481 mundi,a

224 507 226 509 >
279 484 481 525 Tartarus
507 483 619 523 hunc
644 485 805 536 metuit,
836 483 948 524 hunc
975 482 1179 538 Flegeton
1205 485 1364 537 timu't3

141 551 160 582 5
223 538 412 581 Conterit
441 538 508 579 hic
534 538 688 579 nitidos
715 553 836 593 reges
859 538 1103 594 dudumque
1128 540 1367 580 tremendos

278 593 574 649 Sublimesque
605 594 771 647 volens3
802 594 925 648 erigit
953 593 1021 635 hic
1051 594 1266 646 miscrosl,

222 649 318 701 Quo
350 649 514 691 debitas
545 649 715 690 domino
744 649 889 690 laudes
918 664 994 703 per
1024 649 1168 690 secula
1190 649 1366 691 solvant.

275 705 408 754 Tune,
441 706 634 759 superbe,
665 720 775 757 reus,
806 705 978 759 perfide,
1010 705 1127 755 dure,
1159 704 1290 757 ferox,

219 760 411 801 Invidiae
442 760 620 801 stimulis
652 775 834 816 sevaque
866 760 1065 815 cupidine
1095 767 1245 812 tactus,

112 825 159 858 10
276 814 467 871 Corpora
497 815 780 857 christicolum
810 816 986 871 perdere
1016 815 1141 856 valde
1172 815 1293 857 sitis‘?

220 870 265 913 Si
295 886 439 925 regem
469 871 650 926 populus
683 878 854 926 cuperet
883 885 1116 926 preponere
1147 879 1288 923 temet,

271 927 469 968 Protinus
498 928 533 967 is
564 941 713 975 essem,
746 927 818 981 qui
848 928 983 981 magis
1014 927 1122 967 hocb
1155 934 1340 981 cuperet.

49 980 145 1022 Hoc
175 982 306 1035 igitur
336 981 594 1036 quadrifario
616 981 785 1022 dicendi
805 997 970 1036 genere,
1002 983 1173 1037 copioso
1196 982 1368 1034 scilicet,
1397 981 1530 1035 brevi,

49 1036 163 1077 sicco
195 1042 236 1077 et
264 1036 427 1089 florido,
458 1052 536 1077 rex
564 1037 802 1089 Heinricus,
840 1044 887 1078 ut
923 1044 1013 1077 erat
1047 1038 1176 1077 animi
1214 1037 1415 1092 prudens,
1453 1037 1532 1078 Ar-

48 1090 163 1132 naldi
192 1092 380 1132 animum
410 1091 613 1143 mulcens,
644 1092 698 1132 ad
728 1106 825 1132 suos
854 1091 992 1133 rediit.

159 1146 225 1188 23.
269 1146 481 1188 Arnaldus
502 1161 617 1200 Vero,
648 1162 744 1188 cum
766 1148 852 1187 suis
873 1147 951 1188 hec
972 1148 1113 1188 omnia
1134 1147 1357 1200 retulisset,
1389 1149 1532 1189 huius-

46 1201 161 1242 modi
190 1201 243 1243 ab
275 1203 333 1243 eis
371 1203 533 1244 audivit
569 1202 813 1259 ἀπόκρισην,
853 1203 1076 1258 apocrisin,
1121 1203 1164 1243 id
1194 1211 1257 1244 est
1295 1205 1530 1259 responsio-

46 1272 165 1299 nem:
224 1256 448 1314 ‘Sapientis
492 1258 614 1311 illius,
659 1259 788 1299 immo
833 1259 1063 1313 sapientiae
1100 1273 1226 1300 verae
1266 1261 1528 1313 sententiam,
1543 1279 1630 1304 prov.

48 1327 156 1369 quae
196 1313 275 1355 ait:
327 1314 409 1355 Per
438 1328 505 1354 me
549 1329 669 1369 reges
714 1322 914 1369 regnant,
958 1314 1171 1369 principes
1212 1315 1443 1370 imperant,
1489 1318 1710 1364 etjam-1⁶·

45 1369 274 1424 prudentes
312 1370 514 1410 iustitiam
552 1369 822 1422 *decer-nunt,
870 1369 1070 1425 illamque
1106 1370 1286 1425 apostoli
1325 1358 1740 1429 ᾶὶοθῃῒίεὓῃξζέἓξῃ,

46 1423 160 1479 quod
190 1425 324 1466 omnis
356 1425 561 1466 ordinatio
594 1440 619 1465 a
650 1425 727 1467 deo
759 1434 833 1477 est,
863 1434 903 1466 et
934 1426 1006 1480 qui
1035 1427 1233 1480 potestati
1263 1427 1429 1477 resistit,
1462 1428 1529 1469 dci

46 1479 299 1521 ordinationi
341 1481 518 1533 resistit,
564 1482 657 1536 quis
694 1480 900 1535 ambigit?
970 1481 1118 1536 Neque
1162 1482 1272 1523 enim
1316 1482 1359 1522 in
1403 1483 1528 1525 huius

46 1533 249 1577 electione
280 1537 408 1577 totius
438 1536 584 1592 populi
614 1544 757 1591 posset
796 1551 886 1578 esse
922 1537 1088 1577 animus
1129 1552 1250 1590 unus,
1292 1538 1326 1578 si
1356 1553 1379 1578 a
1413 1540 1528 1579 trini—

45 1598 130 1632 tate
163 1605 339 1641 summa,
372 1606 480 1646 quae
511 1591 613 1632 deus
644 1607 753 1632 unus
784 1599 858 1645 est,
889 1600 985 1633 ante
1015 1592 1163 1633 mundi
1185 1593 1528 1635 constitutionem

43 1660 129 1687 non
160 1654 269 1688 esset
298 1646 466 1688 electus.
528 1646 573 1688 Si
602 1647 737 1688 bonus
767 1647 904 1700 fuerit,
936 1647 1174 1702 diligendus
1206 1649 1296 1701 erit,
1337 1649 1527 1705 deusque

42 1702 87 1742 in
131 1715 180 1742 eo
224 1701 482 1755 laudandus3
534 1703 570 1743 si
613 1716 713 1744 vero
758 1702 905 1755 malus,
953 1704 1230 1758 equanimiter
1272 1703 1528 1746 tolerandus.

46 1756 324 1798 Subditorum
367 1771 551 1813 namque
594 1757 843 1813 plerumque
894 1759 1070 1813 exigunt
1112 1759 1278 1808 merita,
1330 1761 1527 1814 quatinus

42 1827 361 1868 nonnumquam
391 1827 416 1853 a
444 1812 640 1868 praelatis
671 1820 912 1868 graventur,
943 1828 1027 1854 non
1056 1821 1269 1868 regantur.
1327 1815 1528 1870 Aequum

43 1875 184 1909 autem
214 1868 458 1924 iustumque
498 1869 620 1911 nobis
659 1869 838 1921 videtur,
879 1876 927 1910 ut
966 1884 991 1909 a
1031 1870 1208 1910 caeteris
1244 1884 1330 1910 non
1369 1870 1528 1912 dissen-

42 1925 149 1965 tiens
179 1923 292 1965 hunc
322 1939 466 1979 regem
497 1924 686 1979 eligeres,
717 1925 807 1979 ipso
844 1939 944 1965 vero
981 1932 1035 1977 te,
1076 1931 1123 1966 ut
1152 1932 1238 1966 tam
1267 1925 1527 1968 fortunatiun

43 1987 84 2021 et
112 1979 363 2034 predivitem
392 1980 545 2032 virum,
576 1981 657 2021 1100
686 1988 810 2035 pacto
830 1980 988 2032 bearet,
1019 1980 1234 2036 animique
1258 1981 1321 2022 tui
1340 1981 1525 2023 furorem

41 2036 256 2088 mulceret,
287 2043 334 2077 ut
364 2035 477 2091 quod
517 2035 759 2077 decessores
798 2050 883 2076 non
919 2035 1106 2077 habuere
1145 2038 1220 2089 tui,
1260 2035 1339 2077 tibi
1380 2052 1527 2079 conce-

43 2091 178 2143 datur,
209 2090 370 2132 scilicet
399 2092 595 2146 quatinus
627 2092 753 2132 totius
785 2092 1020 2146 Bagoariae
1050 2092 1271 2147 pontifices
1302 2100 1399 2134 tuae
1430 2094 1527 2135 sub-

42 2147 209 2188 iaceant
249 2146 418 2199 dicioni,
462 2153 618 2202 tueque
649 2147 701 2187 sit
740 2147 950 2202 potestati,
987 2161 1071 2187 uno
1110 2147 1308 2189 defuneto
1348 2147 1527 2190 alterum

43 2201 285 2243 ordinare⁷².
359 2202 569 2243 Conivens
610 2203 738 2257 igitur
775 2201 988 2248 Arnaldus
1028 2217 1201 2243 suorum
1240 2204 1321 2245 1100
1366 2205 1526 2259 optimo

41 2256 239 2313 bonoque
271 2257 457 2310 consilio,
495 2257 686 2298 Heinrici
714 2259 825 2312 regis
856 2257 976 2300 miles
1006 2258 1199 2311 efficitur,
1231 2266 1272 2300 et
1301 2257 1353 2300 ab
1386 2274 1449 2311 eo,
1479 2268 1526 2301 ut

42 2314 126 2354 iam
171 2313 333 2354 dictum
387 2321 471 2366 est,
520 2314 731 2355 concessis
784 2314 912 2355 totius
964 2314 1196 2369 Bagoariae
1249 2314 1524 2370 pontificibus

42 2369 284 2410 honoratur.

152 2424 217 2466 524.
262 2425 345 2466 Per
382 2423 495 2465 idem
534 2432 700 2479 tempus
737 2424 837 2465 dum
875 2423 1119 2466 Chuonradi
1157 2426 1267 2480 regis
1306 2426 1522 2466 interitum
1538 2441 1590 2474 (8.)

42 2486 169 2535 atque
198 2479 390 2520 Heinrici
426 2481 470 2520 in
506 2495 686 2535 regnum
726 2481 1036 2522 successionem
1075 2481 1269 2522 audirent
1298 2481 1603 2535 Hunga1·ii‚⁹1⁹-

41 2534 115 2576 tali
144 2549 235 2577 sese
266 2542 362 2577 sunt
391 2542 537 2577 mutuo
575 2550 767 2577 sermone
807 2535 1047 2591 adgressid:
1098 2536 1203 2577 ‘Rex
1242 2536 1347 2577 forte
1384 2550 1522 2576 novus

39 2674 67 2699 ai
92 2675 204 2700 munda
228 2676 253 2700 1.
332 2672 364 2705 b)
388 2681 422 2699 oc
446 2676 471 2699 1.
554 2673 580 2705 c)
604 2675 740 2700 dicentes
764 2675 790 2701 1.
873 2673 902 2705 d)
926 2675 1079 2705 a<1gres<÷ei
1104 2677 1129 2701 1.

46 2791 83 2833 1)
109 2792 211 2824 Boet.
246 2791 336 2824 Phil.
373 2791 514 2824 Consol.
542 2792 589 2832 II,
628 2793 656 2831 1,
683 2804 716 2823 v.
745 2793 785 2823 3:
822 2791 964 2824 Dudum
1001 2789 1201 2822 tremendos
1237 2800 1344 2823 saeva
1376 2792 1522 2833 proterit

43 2851 166 2882 reges;
194 2851 228 2873 v.
258 2840 298 2871 5:
327 2840 404 2872 Non
430 2840 491 2872 illa
519 2841 664 2873 miseros
692 2840 802 2872 audit.
832 2842 834 2844 ’
892 2839 928 2872 ’21
946 2840 998 2874 Cf.
1014 2839 1206 2870 Thietmari
1227 2838 1355 2871 Chron.
1376 2839 1392 2871 I
1413 2850 1442 2872 e.
1465 2840 1519 2871 15.
