1902 3200
224 203 517 236 LIUDPRANDI
544 200 886 233 ANTAPODOSIS.
938 201 1030 232 LIB.
1059 202 1100 233 V.
1155 202 1306 235 14-15,
1441 205 1506 236 107

29 312 259 366 denuntiat,
289 327 332 354 se
363 311 550 365 legitimo
581 325 635 351 ex
665 310 859 364 coniugio
889 308 1017 349 filiam
1049 323 1133 350 non
1163 309 1338 363 habere,
1368 312 1441 352 sed
1472 314 1505 353 si
1524 325 1588 350 942.

30 382 85 409 ex
119 368 451 409 concubinarum
493 365 659 408 filiabus
700 364 836 416 vellet,
881 365 1095 419 egregiam
1133 365 1171 404 ei
1210 364 1343 406 forma
1382 381 1505 421 posse

27 429 255 479 presta1·e¹.
313 421 370 462 Et
410 421 607 476 quoniam
649 419 777 461 Greci
813 420 856 460 in
899 421 1104 475 geneseos
1148 418 1377 472 nobilitate,
1422 435 1506 462 non

30 492 138 533 quae
167 483 300 518 mater
329 475 402 518 sed
432 476 526 531 quis
563 475 688 517 fuerit
724 483 855 530 pater,
896 475 1124 529 inquirunt,
1160 475 1388 530 imperator
1426 476 1507 517 Ro-

27 534 173 574 manos
203 527 561 573 naves'eontinuo
594 529 733 572 Greco
772 545 868 571 cum
907 531 1003 584 igne
1043 531 1296 584 preparavit,
1333 545 1507 572 munera

27 589 213 628 maxima
242 587 367 638 misit,
398 593 524 642 atque
555 593 601 627 ut
640 585 753 626 illam
794 585 936 640 nepoti
974 598 1050 625 suo
1090 585 1363 640 coniungeret
1392 599 1507 627 man-

0 649 9 693 ἦ
27 641 157 683 davit.
215 642 375 683 Verum
406 643 603 697 quoniam
634 655 753 682 incus
782 641 968 692 vitricus,
998 640 1064 680 vir
1091 641 1298 695 gravitate
1322 647 1505 692 ornatus,

25 696 175 753 plenus
206 698 424 752 sapientia,
455 698 565 752 regis
595 696 789 751 Hugonis
819 695 953 736 fuerat
974 695 1158 747 nuntius,
1189 696 1355 750 pigrum
1378 696 1507 737 michi

26 767 111 794 non
139 751 209 794 hic
239 753 291 794 sit
321 753 543 804 insererefl,
577 752 679 808 quid
710 766 806 792 eum
837 750 888 792 de
927 751 1194 805 imperatoris
1230 751 1436 806 sapientia
1466 759 1507 793 et

25 807 297 859 humanitate,
328 814 368 848 et
398 807 575 862 qualiter
604 807 757 848 Rusios
796 806 955 856 vicerit,
992 806 1136 846 audivi
1173 807 1313 861 sepius
1354 807 1505 848 dicere.

142 865 204 905 15.
250 863 364 905 Gens
406 862 611 918 quaedam
649 869 712 903 est
748 862 826 903 sub
863 859 1069 916 aquilonis
1107 868 1226 917 parte
1266 863 1505 915 constituta,
1525 874 1576 908 (6.)

26 932 154 973 quain
184 933 208 959 a
239 918 438 974 qualitate
469 919 655 973 corporis
687 917 812 959 Greci
842 924 996 958 vocant
1016 920 1201 967 Ρουσιος,
1233 917 1397 969 Ri'isios,
1430 932 1505 959 nos

27 987 126 1014 vero
176 988 199 1014 a
248 974 456 1029 positione
505 973 585 1014 loci
636 973 902 1014 nominamus
953 972 1262 1013 Nordmannos.
1340 974 1507 1028 Lingua

27 1029 183 1084 quippe
212 1029 451 1070 Teutonum
487 1028 593 1069 nOrd
628 1027 783 1082 aquilo,
823 1041 921 1068 man
959 1035 1100 1069 autem
1140 1028 1295 1069 dicitur
1330 1028 1505 1081 homo¹’;

25 1083 137 1124 unde
168 1090 208 1125 et
238 1083 534 1125 Nordmannos
564 1083 829 1138 aquilonares
859 1082 1048 1137 homines
1079 1081 1219 1123 dicere
1245 1097 1468 1138 possumus
1479 1091 1507 1123 ².

24 1138 165 1179 Huius
196 1138 378 1194 denique
408 1140 544 1192 gentis
574 1153 651 1179 rex
679 1136 887 1179 vocabulo
917 1139 1044 1192 Inger
1073 1144 1180 1190 erat,
1221 1139 1292 1193 qui
1324 1137 1508 1180 collectis

25 1192 140 1234 mille
170 1200 210 1234 et
239 1208 287 1236 eo
317 1194 498 1249 amplius
527 1194 705 1235 navibus
737 1192 1146 1247 Constantinopolim
1177 1194 1331 1235 venit³.
1382 1193 1507 1245 Quod

25 1248 267 1290 Romanos⁰
311 1250 538 1304 imperator
580 1255 626 1289 ut
669 1248 843 1297 audivit,
894 1250 1093 1303 quoniam
1143 1248 1338 1291 navalem
1384 1265 1507 1290 suum

25 1305 258 1347 exercitum
289 1304 496 1346 directum
526 1311 671 1345 eontra
702 1304 936 1345 Saracenos
967 1310 1007 1345 et
1036 1303 1090 1344 ad
1117 1304 1348 1345 insularum
1371 1313 1508 1347 custo-

27 1359 141 1400 diam
170 1359 331 1413 habuit,
369 1360 527 1402 estuari
567 1359 890 1415 cogitationibus
928 1360 1053 1415 cepit.
1127 1360 1322 1416 Cumflue
1353 1362 1507 1416 cogita-

24 1414 210 1457 tionibus
240 1430 323 1457 non
354 1416 501 1470 paucis
531 1416 744 1456 insomnes
775 1423 919 1456 noctes
940 1415 1124 1467 duceret,
1155 1422 1195 1457 et
1225 1417 1352 1471 Inger
1383 1424 1507 1458 cunta

25 1471 133 1511 mari
161 1472 303 1512 vicina
334 1471 544 1526 diriperet,
575 1471 813 1512 nuntiatum
844 1477 905 1511 est
929 1470 1132 1521 Romano,
1164 1471 1249 1512 XV
1271 1471 1507 1513 semifracta

26 1540 71 1573 se
100 1525 255 1567 habere
286 1526 546 1578 chelandiad,
579 1540 686 1581 quae
717 1524 899 1581 populus
936 1526 989 1567 ob
1020 1533 1270 1568 vetustatem
1302 1527 1387 1568 sola
1417 1526 1508 1569 reli-

27 1588 187 1637 querat.
247 1581 373 1634 Quod
402 1589 447 1623 ut
477 1581 649 1633 audivit,
680 1585 778 1630 τοῦς
809 1583 1066 1636 καλαφάτας,
1097 1588 1164 1623 tus
1185 1581 1396 1634 calafatas,
1426 1582 1506 1624 hoc

26 1644 91 1678 est
118 1638 293 1678 navium
325 1638 640 1692 compositores,
680 1636 734 1677 ad
771 1651 814 1678 se
853 1637 996 1677 venire
1035 1638 1236 1693 precepit,
1278 1638 1431 1693 quibus
1468 1645 1508 1680 et

28 1693 102 1733 ait:
134 1693 425 1748 ‘Properantes
465 1693 553 1733 sine
593 1691 804 1743 dilatione,
847 1706 895 1733 ea
936 1705 1043 1747 quae
1084 1699 1381 1745 remanserant,
1414 1693 1507 1734 che-

26 1746 197 1789 landiae
245 1755 479 1804 preparate.
559 1746 670 1788 Sed‘
693 1753 734 1788 et
781 1753 1089 1802 argumentum,
1141 1763 1222 1804 quo
1266 1749 1375 1803 ignis
1414 1763 1508 1803 pro-

27 1803 163 1855 icitur,
194 1818 280 1844 non
314 1805 358 1844 in
387 1816 512 1858 prora
550 1802 700 1855 solum,
736 1817 882 1843 verum
919 1803 1043 1843 etiam
1085 1803 1128 1842 in
1156 1805 1303 1859 puppi,
1334 1805 1510 1858 insuper

28 1858 72 1898 in
100 1859 289 1914 utrisque
330 1858 532 1899 lateribus
569 1859 735 1913 ponite⁷.
806 1857 1062 1912 Compositis
1095 1859 1238 1913 itaque
1278 1859 1509 1900 secundum

26 1913 255 1955 iussionem
283 1928 402 1954 suam
433 1913 677 1969 chelandiis,
718 1913 1050 1967 sapientissimos
1080 1914 1124 1954 in
1154 1915 1212 1955 eis
1243 1915 1355 1955 viros
1385 1914 1510 1956 collo-

28 1975 107 2020 cat,
138 1976 263 2025 atque
292 1976 339 2010 ut
367 1969 459 2024 regi
489 1970 641 2024 Ingero
673 1974 894 2009 occurrant
929 1968 1161 2010 denuntiat.
1227 1969 1410 2011 Profecti
1441 1970 1510 2011 de-

26 2025 166 2080 nique,
211 2039 307 2065 cum
348 2025 391 2064 in
428 2024 577 2080 pelago
618 2038 688 2065 eos
719 2024 878 2079 positos
918 2039 995 2065 rex
1035 2025 1162 2079 Inger
1201 2027 1420 2080 aspiceret,
1465 2031 1510 2067 ut

26 2080 145 2121 vivos
174 2079 266 2121 illos
298 2086 478 2135 caperet,
510 2080 714 2121 exercitui
749 2093 824 2119 suo
854 2080 1054 2134 precepit,
1091 2086 1131 2120 et
1166 2095 1250 2121 non
1286 2080 1508 2122 occideret.

27 2134 224 2190 Denique
263 2136 484 2176 miserator
518 2142 558 2176 et
593 2135 830 2175 misericors
872 2134 1086 2188 dominus,
1126 2136 1198 2190 qui
1234 2151 1278 2177 se
1314 2136 1509 2189 colentes,

30 2204 72 2231 se
110 2190 346 2241 adorantes,
393 2205 435 2231 se
472 2190 758 2246 deprecantes,
798 2205 882 2231 non
922 2190 1056 2231 solum
1096 2199 1316 2246 protegere
1357 2192 1430 2233 sed
1470 2199 1509 2233 et

27 2246 207 2288 victoria
233 2245 365 2287 voluit
395 2246 612 2298 honorare,
643 2246 778 2286 ventis
807 2252 907 2286 tunc
937 2246 1152 2300 placidum
1172 2247 1353 2288 reddidit
1379 2262 1506 2288 mare.

30 2301 163 2343 secus
194 2303 308 2343 enim
340 2300 392 2342 ob
423 2302 533 2356 ignis
565 2301 829 2342 emissionem
863 2301 1012 2342 Grecis
1042 2308 1152 2343 esset
1180 2303 1507 2344 incommodum.

28 2356 163 2412 Igitur
191 2358 236 2398 in
265 2357 475 2398 Rusorum
496 2356 636 2398 medio
657 2357 796 2411 positi,
827 2357 967 2411 ignem
990 2358 1261 2398 circumcirca
1284 2359 1507 2413 proiciunt.

31 2411 157 2464 Quod
198 2412 299 2453 duni
336 2413 439 2454 Rusi
480 2412 758 2467 conspiciunt,
799 2427 820 2453 e
860 2413 1038 2454 navibus
1080 2413 1300 2454 confestim
1339 2428 1429 2454 sese
1464 2414 1508 2454 in

31 2506 60 2540 a)
77 2508 97 2533 i.
121 2508 200 2539 quod
223 2515 291 2533 eum
314 2516 380 2541 περι
403 2515 452 2533 τοι·
476 2507 615 2541 βασιλευς
639 2507 774 2539 Pontum·
798 2514 909 2542 σοφιας
931 2516 979 2534 και
1001 2508 1236 2543 (μματθροπιας
1259 2509 1507 2544 (φιλαιθροῑῐιας)

31 2549 61 2572 et
82 2547 212 2578 qualiter
235 2548 262 2573 3.
345 2546 374 2579 b)
399 2547 436 2570 ita
459 2550 482 2571 c!
506 2547 532 2571 5.
555 2547 607 2572 521.
691 2546 716 2577 c)
742 2546 879 2578 Ρομανος
903 2547 930 2571 3.
1011 2547 1041 2579 d)
1066 2547 1093 2578 e)
1118 2548 1257 2579 χελαιδια
1281 2549 1307 2572 3.

35 2630 71 2674 1)
90 2643 122 2664 v.
140 2633 229 2675 Leg.
249 2643 278 2666 c.
300 2634 330 2666 7.
378 2634 476 2673 Quae
497 2635 540 2666 de
561 2635 774 2667 Graecorum
803 2644 897 2666 more
916 2635 951 2665 in
970 2635 1201 2666 matrimoniis
1220 2633 1381 2665 ineundis
1400 2633 1508 2665 Lind-

32 2680 185 2722 prandus
211 2682 269 2713 hic
296 2682 451 2722 adnotat,
479 2682 727 2714 confirmantur
747 2683 997 2714 constitutione
1017 2682 1078 2713 illa
1101 2693 1118 2714 e
1139 2682 1303 2713 Basilicis
1324 2681 1509 2724 desumpta

29 2728 86 2760 ‘de
115 2730 288 2772 coniugiis
315 2731 497 2763 mulierum
526 2742 612 2774 quas
634 2730 691 2762 lex
714 2730 802 2762 viles
827 2730 1040 2772 appellavit',
1071 2730 1094 2762 l.
1115 2730 1158 2760 ‘28
1186 2734 1211 2761 t.
1230 2730 1250 2759 4
1273 2741 1301 2761 c.
1322 2730 1366 2760 47
1386 2740 1419 2772 p.
1442 2730 1507 2761 193

34 2776 89 2809 ed.
116 2777 326 2811 Heimbaeh.
403 2778 439 2820 2)
464 2779 517 2811 Cf.
544 2790 648 2822 supra
668 2780 684 2810 Ι
708 2790 738 2811 c.
763 2780 817 2810 11.
894 2777 932 2819 4)
961 2779 1094 2810 Decem
1123 2778 1263 2809 milibus
1286 2779 1427 2809 navium
1455 2788 1508 2810 se-

31 2824 183 2858 cundum
212 2831 371 2860 auctores
391 2828 616 2869 Byzantinos,
646 2828 704 2869 qui
730 2827 821 2859 hunc
849 2837 1027 2858 numerum
1056 2827 1130 2858 sine
1151 2826 1256 2858 dubio
1281 2830 1508 2868 exaggerant.
