1853 3209
178 304 243 330 924.

71 345 121 369 ps.
138 344 183 375 ⁷6,
198 344 243 370 11.

191 424 243 458 (2.)

116 2234 126 2244 '
140 2244 168 2268 p.
183 2233 249 2260 305.

193 2402 248 2436 (3.)

260 182 303 214 58
464 182 765 215 LIUDPRANDI
792 183 1136 217 ANTAPODOSIS.
1188 183 1279 216 LIB.
1308 183 1375 215 III.
1428 183 1534 216 5-8.

260 300 305 334 ut
333 292 550 388 letabullidi
580 300 777 334 canerent
807 307 901 333 cum
932 293 1157 347 propheta:
1189 293 1292 335 ‘Hec
1314 300 1376 335 est
1396 294 1616 336 inmutatio
1639 294 1738 336 dex-

258 355 371 390 terae
401 364 478 390 exe
497 349 542 389 si’
559 356 584 387 ¹.

371 417 409 457 5.
468 415 661 456 Accessit
691 415 744 455 ad
774 414 853 456 hoc
884 429 1171 470 magnumque
1202 417 1402 458 iuvamen
1433 416 1602 472 prebuit
1623 431 1738 457 sanc·

259 472 433 513 tissimia
463 472 593 526 patris
635 470 766 511 nostri
806 470 1072 525 doctorisque
1104 472 1261 526 egregii
1298 472 1410 514 beati
1453 472 1578 524 SIRI,
1618 473 1738 513 cuius

258 528 302 567 in
341 526 503 581 prefata
546 524 650 567 urbe
693 526 963 580 requiescunt
1006 526 1211 567 exuviaeb
1256 528 1498 569 intercessio
1542 527 1737 582 gloriosa.
1796 566 1797 569 ,

258 582 322 623 Ac
365 596 417 622 ne
462 581 552 623 eius
596 581 844 622 vaticinium
888 579 1112 633 falleretur,
1143 581 1334 636 predicta
1372 584 1472 625 urbs
1502 584 1649 638 Papia,
1693 590 1740 624 ut
1796 615 1799 622 ,

259 637 438 690 caderet,
469 644 531 678 est
560 636 739 692 inpulsa,
769 651 919 678 verum
939 636 1265 678 misericorditer
1294 652 1319 678 a
1349 638 1519 679 domino
1549 638 1739 680 liberata.
1798 632 1801 641 ‘

257 694 412 734 Missus
457 692 654 748 equidem
703 692 1003 747 predicationis
1051 693 1188 746 gratia
1230 707 1255 733 a
1297 693 1419 735 beato
1464 694 1740 749 Hermagora,

260 747 550 803 euuangeliste
592 748 726 788 Marci
776 746 1004 803 discipulo,
1064 748 1242 802 Papiam
1291 747 1560 791 beatissimus
1608 755 1740 804 pater,

258 803 502 845 huiusmodi
532 817 623 845 eam
654 802 906 859 propheciae
935 803 1086 858 spiritu
1115 804 1309 858 presagio
1339 803 1610 846 honoravitzz

371 871 409 911 6.
469 869 705 911 <Delectare
735 870 917 925 gaudiis,
948 870 1049 912 urbs
1079 872 1226 927 Papia,
1265 872 1365 926 quia
1397 874 1535 913 veniet
1571 870 1649 913 tibi
1687 872 1740 914 ab

259 927 444 967 externis
488 927 702 968 montibus
743 925 959 968 exultatio.
1031 926 1127 967 Non
1170 928 1390 968 vocaberis
1433 927 1618 979 minima,
1668 927 1742 969 sed

260 983 431 1037 copiosa
459 983 503 1022 in
532 982 720 1023 finitimis
752 982 1018 1024 civitatibus'.
1087 982 1144 1023 Et
1183 989 1229 1023 ut
1258 982 1337 1024 hoc
1377 983 1466 1024 eius
1495 983 1740 1024 vaticinium

259 1037 422 1078 firmius
461 1038 713 1091 crederetur,
754 1036 1004 1094 Aquilegiae
1041 1053 1124 1080 non
1168 1040 1337 1093 ignotae
1381 1039 1560 1080 civitatis
1599 1053 1743 1079 casum

259 1093 337 1134 hac
382 1092 529 1134 eadem
577 1092 680 1134 hora
728 1108 920 1135 sermone
963 1093 1205 1135 huiusmodi
1253 1095 1484 1136 nuntiavit:
1544 1094 1621 1135 ‘Ve
1651 1092 1743 1146 tibi,

259 1148 500 1204 Aquilegia,
545 1150 645 1204 quia
685 1162 782 1190 cum
812 1150 1040 1205 impiorum
1061 1151 1282 1191 incesseris
1304 1164 1469 1202 manus,
1501 1149 1741 1202 destrueris,

259 1219 337 1246 nec
367 1204 476 1245 ultra
505 1204 775 1246 reaedificata
805 1205 1056 1260 consurges'.
1102 1206 1229 1258 Quod
1258 1206 1316 1247 ita
1347 1220 1439 1247 esse
1471 1204 1742 1260 completum,

259 1261 422 1302 visibus
453 1266 602 1315 patens
630 1262 736 1301 ratio
767 1260 1019 1302 manifestat.
1064 1261 1293 1317 Aquilegia
1320 1275 1517 1317 namque,
1548 1260 1742 1316 predives

259 1323 386 1371 atque
425 1316 617 1356 inmensa
655 1314 754 1356 olim
792 1317 952 1369 civitas,
997 1317 1050 1359 ab
1087 1318 1338 1372 impiissimo
1379 1317 1604 1357 Hunorum
1643 1331 1742 1371 rege

259 1369 389 1412 Attila
434 1372 600 1426 capitur
643 1385 692 1411 ac
728 1371 919 1412 funditus
959 1372 1200 1427 dissipatur,
1243 1386 1321 1413 nec
1362 1371 1536 1414 ulterius
1551 1381 1578 1425 ⁰,
1624 1373 1743 1412 utin

258 1427 565 1482 presentiarum
596 1427 790 1479 cernitur,
823 1426 1031 1480 elevatur,
1063 1428 1197 1483 Papia
1226 1442 1342 1480 vero,
1374 1435 1420 1469 ut
1439 1428 1504 1468 vir
1534 1428 1744 1469 sanctissi-

259 1497 354 1523 mus
394 1481 571 1535 dixerat,
612 1483 783 1537 copiosa
824 1489 864 1524 et
903 1482 1110 1538 apellatur
1147 1490 1187 1524 ct
1227 1483 1430 1536 cernitur3
1480 1497 1565 1524 non
1609 1482 1743 1524 solum

261 1539 419 1594 quippe
460 1537 648 1593 precellit
682 1539 860 1590 vicinas,
903 1539 977 1579 sed
1018 1544 1058 1580 et
1097 1538 1221 1594 longe
1260 1539 1419 1594 positas
1461 1537 1613 1594 opibus
1645 1540 1743 1579 civi-

259 1600 365 1635 tates
380 1601 408 1634 3.
477 1593 592 1646 Quid
634 1593 737 1634 alias
782 1609 1024 1647 memorem,
1070 1609 1166 1635 cum
1211 1595 1390 1650 insignis
1434 1595 1529 1650 ipsa
1572 1600 1743 1650 totoque

261 1650 361 1691 orbe
400 1650 621 1690 notissima
658 1650 795 1691 Roma
834 1650 931 1690 huic
970 1649 1140 1691 inferior
1181 1658 1302 1703 esset,
1342 1651 1378 1691 si
1417 1649 1609 1705 preciosa
1648 1650 1744 1692 bea·

259 1706 518 1747 tissimorum
549 1704 835 1760 apostolorum
866 1720 1042 1761 corpora
1081 1721 1166 1747 non
1205 1705 1407 1748 haberet?
1453 1707 1575 1747 Patet
1603 1706 1745 1760 igitur,

260 1761 375 1817 quod
404 1761 513 1801 hanc
542 1762 785 1802 intercessio
816 1761 1047 1803 beatissimi
1078 1763 1243 1817 patroni
1274 1761 1405 1803 nostri
1433 1762 1547 1803 SIRI
1578 1762 1744 1817 eripuit,

290 1818 333 1857 ui
364 1831 456 1858 eam
486 1824 571 1858 tam
602 1817 788 1858 veridico
810 1832 859 1858 ac
882 1818 1065 1873 pretioso
1088 1818 1282 1873 presagio
1304 1817 1537 1858 honoravit.
1578 1817 1745 1859 Exusta

260 1832 443 1928 {lenique
464 1873 611 1928 Papia,
637 1872 831 1929 factaque
853 1879 983 1914 totam
1005 1888 1081 1929 per
1102 1873 1265 1914 Italiam
1296 1887 1381 1913 non
1410 1872 1578 1914 modica
1599 1873 1745 1929 preda,

259 1929 472 1983 Hungarii
502 1927 557 1968 ad
587 1929 758 1983 propria
789 1936 1068 1970 revertuntur.

374 1997 411 2037 7.
469 1995 564 2036 Hoc
594 1996 742 2037 eodem
772 2003 961 2052 tempore
993 1996 1189 2038 defuncto
1219 1995 1462 2048 Adelberto‚
1507 1996 1745 2052 Eporegiae

261 2052 442 2093 civitatis
473 2050 726 2104 marchione,
756 2067 865 2092 uxor
895 2053 984 2093 eius
1015 2052 1349 2108 Hermengarda,
1389 2051 1611 2093 Adelberti
1653 2067 1744 2106 pre-

261 2108 444 2163 potentis
489 2107 642 2148 Tuscie
686 2107 938 2149 marchionis
983 2115 1023 2149 et
1066 2108 1217 2150 Bertae
1266 2107 1370 2160 filia,
1422 2108 1550 2148 totius
1599 2106 1744 2149 Italiae

261 2164 547 2218 principatum
589 2162 818 2205 obtinebat.
888 2164 1028 2206 Causa
1067 2172 1209 2205 autem
1248 2164 1460 2219 potentiae
1505 2162 1630 2204 huius
1669 2163 1745 2205 hec

262 2225 362 2272 erat,
393 2219 605 2274 quoniam,
652 2219 765 2275 quod
802 2220 918 2261 dictu
952 2221 1099 2261 *etiam
1139 2219 1432 2261 foedissimum
1472 2226 1546 2272 est,
1579 2218 1745 2260 carnale

263 2289 361 2316 cum
392 2273 600 2327 omnibus,
632 2290 715 2316 non
747 2274 882 2316 solum
912 2276 1175 2331 principibus
1220 2290 1368 2317 verum
1399 2275 1524 2317 etiam
1554 2274 1746 2329 ignobili-

263 2331 355 2383 bus,
386 2331 686 2371 commercium
719 2331 987 2373 exe1·cebat⁴.

377 2399 414 2439 8.
474 2399 556 2439 Per
585 2399 658 2439 idd
689 2406 854 2454 tempus
885 2414 961 2440 rex
991 2398 1197 2440 Rodulfus
1231 2398 1481 2452 Burgundia
1509 2397 1674 2439 rediens
1704 2398 1747 2438 in

263 2453 430 2494 Italiam
460 2455 586 2506 venit,
618 2454 899 2509 defunctoque
930 2454 1201 2510 Berengario,
1246 2468 1423 2508 regnum
1454 2460 1646 2508 potenter
1676 2454 1746 2495 ob-

264 2510 400 2551 tinuit.
458 2510 561 2550 Post
590 2508 751 2565 aliquot
790 2517 932 2551 autem
973 2510 1061 2551 dies
1101 2508 1317 2551 Italienses
1360 2524 1504 2550 omnes
1545 2516 1748 2565 ceperunt

264 2616 293 2649 a)
318 2619 487 2642 sanctisimi
513 2620 536 2644 l.
621 2618 650 2650 1»)
674 2619 821 2644 excubiae
846 2621 871 2644 1.
897 2620 923 2645 2.
1007 2618 1032 2650 (·)
1058 2619 1121 2644 ulte
1145 2619 1235 2643 terius
1260 2619 1285 2643 1.
1310 2618 1420 2642 duabus
1442 2617 1533 2643 lineis,
1617 2616 1646 2649 d>
1669 2617 1748 2642 idem

263 2664 339 2682 corr.
363 2657 392 2682 id
418 2659 443 2682 1.

268 2731 302 2774 1)
330 2734 351 2766 i.
381 2744 409 2766 e.
439 2733 581 2766 excelsi.
671 2734 708 2776 2)
738 2733 791 2766 Cf.
818 2734 925 2766 vitam
955 2734 990 2767 S.
1021 2734 1100 2775 Syri
1129 2738 1162 2765 et
1190 2733 1343 2765 quentii
1367 2743 1396 2766 c.
1416 2733 1435 2764 3
1465 2731 1615 2774 (Surius,
1644 2732 1746 2764 Vitae

264 2782 440 2823 probator.
460 2786 571 2814 sanc-t.
590 2782 671 2821 VII,
701 2782 798 2824 695),
826 2783 886 2814 ubi
912 2783 1001 2815 haec
1028 2783 1197 2814 vaticinia
1224 2782 1392 2813 invenies.
1439 2799 1442 2801 -
1478 2779 1516 2822 3)
1537 2781 1591 2813 Cf.
1609 2781 1747 2812 Attonis

264 2840 460 2862 sermonem
489 2832 555 2863 III.
583 2830 690 2873 (Ang.
718 2832 790 2862 Mai
819 2831 880 2864 SS.
909 2836 977 2863 vet.
1006 2831 1100 2869 VIb,
1134 2831 1203 2869 15).
1305 2830 1343 2871 4)
1373 2829 1426 2862 Cf.
1449 2840 1553 2872 supra
1574 2830 1609 2861 II
1638 2839 1667 2861 c.
1687 2829 1744 2860 56.
