1780 3209
27 350 221 382 erm-tamt).

76 391 102 421 4,
125 389 171 415 45.

86 944 150 969 Ioh.
175 946 220 976 21,

108 985 152 1009 152.
178 983 222 1008 19.

171 1895 224 1931 (4.)

239 166 282 197 82
445 164 747 197 LIUDPRANDI
774 164 1118 197 ANTAPODOSIS.
1169 165 1264 197 LlB.
1292 165 1354 198 IV.
1411 165 1513 196 7—9.

241 276 403 318 Credoa
433 274 643 330 equidem,
675 281 714 316 te
743 281 862 316 actus
902 275 1188 330 apostolorum
1218 290 1303 316 non
1341 274 1607 327 intellexisse,
1645 282 1718 316 aut

240 332 353 387 quod
384 330 623 372 credibilius
654 338 727 382 est,
757 330 928 370 minime
958 330 1121 384 legisse.
1179 329 1245 371 Ibi
1275 330 1398 385 plane
1429 330 1488 371 sic
1515 330 1717 384 scriptum

238 387 464 443 repperies,
497 385 695 440 quoniam
725 384 869 426 fideles
891 384 1132 426 vendebant
1160 386 1307 440 predia
1328 400 1414 439 sua,
1446 392 1486 427 et
1506 384 1720 440 ponebant

238 444 428 498 precium
464 447 559 481 ante
596 440 724 495 pedes
759 439 1057 495 apostolorum,
1096 441 1250 495 quibus
1290 448 1408 483 erant
1438 441 1578 481 omnia
1609 454 1720 481 com-

239 499 396 546 munia,
426 510 504 536 nec
535 496 759 550 quisquam
790 494 949 550 aliquid
979 510 1101 536 suum
1123 510 1213 537 esse
1234 496 1420 549 dicebat,
1451 495 1721 537 dividebatur

239 561 380 595 autem
411 550 601 606 singulis,
632 556 759 606 prout
788 550 940 605 cuique
972 565 1077 605 opus
1108 557 1208 591 erat.
1277 552 1323 592 Si
1352 552 1493 607 igitur,
1532 549 1647 607 quod
1676 551 1719 590 in

239 609 421 650 humano
459 621 587 648 censu
626 606 857 660 preciosius
892 606 1053 661 tibique
1092 606 1232 646 anima
1268 613 1341 647 tua
1378 608 1529 659 carius,
1569 606 1720 647 Petrus

239 679 401 716 aurum,
433 663 554 717 quasi
575 661 777 716 quiddam
798 660 1054 715 pestiferum,
1084 666 1258 716 tangere
1278 661 1422 714 noluit,
1455 676 1538 717 qua
1558 661 1720 702 ratione

240 735 348 771 eum,
400 718 633 758 Antiocena
684 716 859 767 deserta,
910 716 964 757 ad
1012 716 1248 757 Romanam
1297 719 1447 758 asseris
1496 715 1719 758 aeclesiam

239 772 549 816 transvolasse?
582 771 627 813 Si
654 771 794 824 latras,
825 771 955 824 illum,
988 772 1102 827 quod
1133 773 1301 813 omnino
1322 771 1472 813 falsum
1494 778 1567 825 est,
1595 785 1720 826 quae-

240 831 388 871 sivisse
419 843 606 880 censum,
637 841 715 882 ego
751 827 985 868 animarum
1027 827 1192 868 lucrum
1233 834 1273 868 et
1308 826 1536 882 comprobo
1567 826 1721 881 glorio-

241 901 333 927 sum
363 883 626 939 martyrium.
685 882 928 924 Predictum
961 884 1118 938 quippe
1148 883 1256 925 sibib
1289 898 1313 923 a
1342 883 1558 938 magistro,
1589 883 1721 923 immo

240 947 425 983 creatore
468 946 508 980 et
551 938 816 993 redemptore
863 953 936 979 suo
976 939 1123 991 fuerat,
1169 939 1386 994 quoniam:
1447 937 1570 979 ‘Cum
1607 952 1721 978 esses

239 998 388 1049 iunior,
420 994 619 1050 cingebas
649 1001 701 1046 te,
733 1001 773 1035 et
802 993 1050 1036 ambulabas
1090 992 1165 1034 ubi
1204 993 1393 1047 volebas,
1443 1008 1540 1034 cum
1579 999 1721 1034 autem

240 1053 438 1104 senueris,
470 1049 671 1091 extendes
702 1063 851 1090 manus
881 1056 988 1103 tuas,
1028 1056 1068 1090 et
1104 1048 1208 1091 alius
1245 1057 1285 1091 te
1324 1050 1473 1104 cinget,
1511 1054 1551 1090 et
1581 1047 1721 1101 ducet,

241 1115 350 1164 quoc
380 1114 426 1148 tu
455 1120 538 1146 non
568 1106 644 1146 vis.
703 1105 799 1146 Hoc
829 1112 970 1147 autem
1007 1105 1126 1158 dixit,
1168 1105 1423 1160 significans,
1465 1119 1549 1160 qua
1586 1109 1722 1144 morte

240 1163 544 1205 clarificaturus
594 1167 702 1202 esset
750 1161 902 1202 deum'.
970 1161 1166 1217 Denique
1210 1168 1249 1202 et
1286 1159 1365 1201 alio
1406 1161 1448 1201 in
1487 1160 1580 1200 loco
1625 1166 1724 1213 post

239 1218 587 1261 resurrectionem
626 1216 750 1257 Petro
788 1231 843 1269 se,
883 1231 964 1271 quo
1002 1217 1092 1269 iret,
1130 1217 1417 1271 interroganti,
1453 1214 1723 1269 respondisse

240 1275 435 1316 dominus
477 1271 672 1327 legitur¹:
732 1271 936 1323 ‘Romam,
974 1272 1126 1313 iterum
1157 1273 1370 1327 crucifigi’.
1429 1271 1557 1312 Venit
1594 1270 1723 1325 igitur

240 1332 401 1381 Petrus,
442 1342 525 1368 non
560 1326 790 1368 ambitione
828 1327 999 1368 inflatus
1038 1327 1111 1368 sed
1146 1329 1334 1368 martirio
1372 1327 1593 1379 animatus,
1637 1340 1723 1366 non

241 1399 418 1442 querens
449 1397 598 1424 aurum
630 1382 703 1423 sed
724 1382 959 1423 animarum
988 1381 1165 1424 lucrum.
1212 1383 1248 1424 O
1270 1382 1447 1435 felicem,
1476 1383 1605 1422 immo
1626 1381 1723 1423 bea-

239 1449 342 1493 tum,
374 1441 408 1481 si
436 1438 561 1480 talem
592 1445 632 1479 te
662 1444 735 1479 tua
765 1438 1019 1479 conscientia
1048 1444 1282 1480 testaretur.
1340 1437 1429 1479 Nec
1455 1436 1635 1478 inficiari
1664 1437 1725 1476 in-

240 1511 367 1553 quam
397 1502 529 1549 potes,
560 1493 848 1534 Veronensem
887 1501 926 1535 te
965 1494 1227 1549 episcopium
1263 1493 1435 1534 minime
1469 1491 1724 1545 vendidisse,

241 1552 354 1608 quod
384 1552 522 1602 Petro,
553 1563 637 1590 non
668 1547 840 1590 cuilibet
870 1550 943 1590 sed
973 1549 1164 1605 apostolo
1202 1548 1270 1590 illo
1285 1550 1317 1602 (¹,
1347 1562 1579 1604 numquam
1618 1547 1724 1589 didi-

242 1609 377 1650 cimus
427 1605 666 1660 contigisse.
740 1605 836 1656 Qua
881 1619 934 1646 ex
978 1619 1022 1646 re
1060 1619 1145 1646 non
1188 1604 1323 1646 solum
1364 1603 1539 1660 spiritali
1575 1618 1723 1645 verum

242 1664 366 1705 etiam
399 1659 605 1716 corporali
634 1660 804 1713 honore,
836 1675 988 1702 census
1013 1661 1292 1702 ani1nati0ne2
1323 1666 1363 1701 te
1392 1661 1604 1715 privatum
1635 1673 1726 1700 esse

243 1718 531 1774 cognovimus.
590 1716 712 1757 Haec
742 1723 883 1758 autem
914 1717 1080 1758 interim
1119 1716 1172 1757 ad
1208 1716 1472 1772 propositum
1508 1714 1726 1757 redeundo

243 1775 356 1816 dicta
391 1772 605 1824 suffitiant,
645 1771 783 1827 quoad
823 1771 1025 1827 largiente
1067 1772 1144 1813 deo
1188 1772 1273 1813 suis
1310 1773 1353 1812 in
1392 1770 1506 1824 locis,
1548 1769 1726 1826 qualiter

241 1829 600 1872 Mediolanensem
630 1828 900 1883 usurpaveris
927 1827 1181 1881 cathedram,
1211 1828 1444 1870 veniamus

354 1886 391 1927 8.
450 1884 542 1925 Eoe
573 1891 762 1938 tempore
792 1883 1074 1938 Berengarius
1109 1884 1199 1936 iste,
1237 1884 1356 1924 cuius
1388 1881 1608 1937 tyrannide
1639 1887 1728 1923 tota

242 1942 374 1982 nuncf
412 1940 528 1994 luget
570 1937 704 1991 Italia,
750 1938 989 1994 Eporegiae
1027 1939 1210 1980 civitatis
1246 1938 1432 1979 marchio
1476 1936 1723 1980 habebatur.

244 1997 326 2039 Cui
355 2011 431 2038 rex
461 1995 589 2047 Hugo
620 1994 778 2048 neptim
801 2009 933 2047 suam,
963 1995 1132 2036 nomine
1154 1993 1340 2047 Willam,
1373 2008 1499 2049 quam
1520 2008 1573 2034 ex
1596 1991 1725 2033 Willa

244 2067 376 2094 uxore
414 2066 489 2092 sua
527 2050 639 2091 Boso
682 2050 861 2091 Tusciae
899 2051 1145 2106 provinciae
1185 2050 1386 2102 marchio,
1431 2050 1543 2104 regis
1582 2048 1722 2101 frater,

243 2112 457 2163 genuerat,
489 2106 713 2161 coniugem
736 2105 862 2146 dedit.
922 2105 1152 2147 Anscarius
1173 2120 1286 2159 vero,
1316 2105 1564 2160 Berengarii
1584 2103 1723 2156 frater,

245 2179 369 2220 quem
407 2178 461 2204 ex
499 2161 728 2203 Adelberto
773 2161 1097 2217 Hermengarda
1139 2162 1249 2215 regis
1292 2162 1484 2216 Hugonis
1523 2165 1726 2215 genuerat

245 2234 374 2271 soror,
404 2219 557 2258 virium
587 2217 758 2258 audatia
787 2218 1058 2272 potentiaque
1080 2217 1278 2258 clarebat.

356 2275 393 2315 9.
453 2272 725 2315 Tedbaldusg
765 2274 891 2313 etiam
935 2273 1057 2314 heros
1094 2272 1279 2328 quidam,
1318 2272 1513 2328 proxima
1551 2270 1726 2326 Hugoni

244 2331 334 2386 regi
373 2329 577 2370 affinitate
617 2329 882 2382 coniunctus,
929 2328 1291 2370 Cammerinorum
1333 2333 1372 2368 et
1412 2327 1724 2382 Spoletinorum

193 2452 201 2462 ⁸
245 2456 273 2490 a)
288 2457 318 2483 C.
335 2456 475 2488 equidem
498 2464 544 2489 την
568 2455 682 2489 πραξιιν
703 2463 755 2480 [ων
770 2462 911 2480 uncorum*
934 2461 994 2480 non
1011 2455 1124 2481 dixisse
1139 2455 1164 2479 3.
1181 2458 1209 2479 te
1227 2468 1255 2472 —
1270 2454 1478 2486 apostolorum
1494 2453 1607 2485 scripsit
1623 2460 1728 2477 manus

246 2497 368 2521 secunda
392 2497 418 2521 1.
501 2494 530 2525 b)
552 2494 585 2521 P.
608 2494 665 2518 sibi
689 2501 716 2524 q.
741 2493 798 2518 sibi
820 2500 846 2518 a.
873 2495 897 2517 1.
988 2493 1012 2526 e)
1034 2501 1055 2527 q
1074 2503 1110 2515 =
1133 2493 1212 2525 quod
1237 2495 1261 2519 1.
1352 2491 1380 2524 d)
1403 2494 1419 2517 i.
1445 2500 1467 2517 e.
1491 2493 1548 2517 illi.
1632 2491 1659 2525 0)
1680 2493 1726 2517 Eo

209 2546 216 2570 ἱ
245 2540 382 2567 tempore
403 2541 489 2564 ουτος
511 2530 527 2559 ὁ
550 2531 734 2568 Περιηεριος
757 2539 844 2558 01101·
859 2532 1048 2568 ηραγρῃδςω
1062 2534 1116 2566 cxiv]
1134 2541 1150 2566 η
1167 2533 1276 2559 παλαι,
1294 2541 1332 2557 rm
1348 2532 1490 2564 eporegie
1507 2531 1533 2557 3.
1587 2530 1610 2563 f)
1621 2538 1683 2556 nun
1698 2533 1724 2557 1.

245 2574 274 2608 g)
296 2573 502 2599 Thiedbaldus
524 2573 552 2597 5.

250 2679 285 2722 1)
313 2681 393 2712 Lini
420 2680 510 2712 Acta
541 2680 652 2712 sancti
679 2679 774 2711 Petri
803 2688 832 2710 c.
854 2679 893 2708 11
925 2678 1033 2720 (Acta
1059 2681 1169 2711 sanct.
1198 2676 1253 2710 ed.
1273 2675 1436 2710 Bolland.
1455 2677 1548 2709 Iunii
1567 2676 1608 2717 V,
1627 2674 1727 2719 428).

248 2727 286 2771 2)
313 2730 337 2761 i.
366 2739 396 2761 e.
425 2729 507 2770 quia
532 2729 567 2759 in
596 2738 737 2760 censum
766 2728 949 2768 animatus,
978 2737 1102 2759 census
1130 2727 1277 2768 avidior,
1306 2729 1391 2758 erat.
