1853 3209
164 1011 229 1037 896.

120 1051 181 1075 Mai
202 1051 229 1075 4.

69 1125 231 1151 904—911.

164 1346 230 1371 897.

139 1384 227 1410 Febr.

93 1620 140 1653 ‘p.
157 1621 224 1647 283.

44 2012 226 2046 lcor.3,7.

250 232 291 263 18
452 231 752 264 LIUDPRANDI
777 232 1118 266 ANTAPODOSIS.
1169 233 1261 265 LIB.
1288 234 1318 267 Ι.
1371 233 1524 265 29—31.

357 341 422 382 29.
469 341 608 383 Causa
636 348 777 382 autem
815 341 1036 383 simultatis
1071 344 1178 385 inter
1207 345 1456 384 Formosum
1494 357 1648 398 papam
1679 350 1721 385 et

245 397 456 438 Romanos
487 396 589 437 haec
628 395 720 437 fuit.
777 397 971 437 Formosi
1009 397 1229 439 decessore
1267 399 1502 451 defuncto1,
1546 400 1719 453 Sergius

247 452 417 508 quidam
448 452 662 492 Romanae
691 451 891 493 ecclesiae
921 452 1122 493 diaconus
1152 461 1251 506 erat,
1283 469 1408 509 quem
1433 454 1718 495 Romanorum

245 522 341 562 pars
372 507 579 562 quaedam
608 520 765 561 papam
794 507 873 548 sibi
905 506 1097 561 elegerat.
1148 509 1366 560 Quaedam
1395 523 1494 550 vero
1517 524 1613 564 pars
1634 524 1719 551 non

243 562 389 604 infima.
417 562 678 602 nominatum
698 562 961 614 Formosum,
990 563 1231 604 Portuensis
1262 565 1439 605 civitatis
1459 566 1717 619 episcopum,

245 633 321 675 pro
351 631 451 659 vera
479 615 681 670 religione
713 617 1033 672 divinarumque
1065 618 1348 659 doctrinarum
1370 620 1542 660 scientia
1562 634 1718 674 papam

246 673 325 716 sibi
354 673 444 714 fieri
472 671 706 714 anhelabat.
764 673 874 712 Nam
906 673 1007 713 dum
1036 674 1079 714 in
1110 688 1158 714 eo
1190 682 1310 726 esset,
1341 681 1387 715 ut
1417 675 1588 730 Sergius
1619 689 1718 730 apo-

245 729 447 771 stolorum
467 727 646 768 vicarius
669 727 850 768 ordinari
871 728 1097 781 debuisset,
1130 743 1190 781 ea,
1212 744 1319 783 quae
1339 730 1531 770 Formosi
1550 730 1721 772 favebat

245 784 447 840 partibus,
483 797 580 837 pars
611 782 804 837 Sergium
833 797 919 824 non
947 783 1147 825 mediocri
1178 799 1275 825 cum
1304 784 1488 825 tumultu
1508 792 1549 826 et
1567 786 1720 826 iniuria

245 841 297 881 ab
328 838 447 880 altari
477 836 650 893 expulit,
682 845 723 879 et
751 838 1002 880 Formosum
1032 853 1186 894 papam
1217 840 1444 881 constituit.

356 895 421 935 30.
467 893 780 949 Descenditque
819 893 990 949 Sergius
1027 895 1071 934 in
1110 895 1328 947 Tusciam,
1368 895 1564 950 quatinus
1593 894 1720 936 Adel-

244 950 364 1002 berti,
410 949 690 1005 potentissimi
733 949 998 1000 marchionis,
1044 949 1201 991 auxilio
1244 951 1479 1002 iuvaretur,
1523 950 1635 1005 quod
1679 957 1720 991 et

244 1006 399 1046 factum
429 1011 503 1046 est.
552 1004 662 1044 Nam
682 1005 885 1046 Formoso
917 1004 1115 1047 defuncto
1143 1013 1269 1061 atque
1289 1005 1465 1046 Arnulfo
1486 1006 1529 1046 in
1549 1006 1721 1061 propria

245 1061 442 1113 extincto,
472 1060 507 1100 is
538 1061 606 1115 qui
638 1067 733 1115 post
752 1061 946 1101 Formosi
966 1075 1113 1102 necem
1135 1062 1383 1103 constitutus
1405 1068 1467 1102 est
1487 1060 1719 1116 expellitur,

247 1117 503 1171 Sergiusque
534 1129 646 1170 papa
682 1130 756 1169 per
784 1115 1059 1157 Adelbertum
1100 1118 1377 1158 constituitur.
1437 1116 1532 1168 Quo
1570 1116 1722 1157 consti-

245 1178 347 1223 tuto,
378 1178 424 1212 ut
450 1171 591 1226 inpius
612 1170 980 1227 doctrinarumque
1002 1178 1241 1214 sanctarum
1261 1173 1447 1227 ignarus,
1468 1172 1721 1212 Formosum

246 1242 268 1269 e
308 1225 501 1282 sepulcro
546 1225 765 1267 extrahere
802 1234 927 1282 atque
966 1227 1009 1267 in
1048 1227 1190 1269 sedem
1228 1228 1408 1269 Romani
1451 1226 1721 1281 pontificatus

246 1280 575 1324 sacerdotalibus
603 1283 862 1323 vestimentis
890 1281 1085 1323 indutum
1115 1282 1319 1324 collocare
1349 1283 1539 1338 precepit
1553 1289 1580 1323 ².
1640 1281 1722 1323 Oui

245 1346 285 1379 et
305 1338 384 1379 ait:
416 1336 538 1378 ‘Cum
559 1337 802 1378 Portuensis
823 1352 934 1378 esses
956 1339 1194 1394 episcopus,
1217 1353 1291 1379 cur
1309 1337 1549 1379 ambitionis
1571 1337 1722 1392 spiritu

244 1393 477 1434 Romanam
514 1392 794 1434 universalem
832 1395 1045 1448 usurpasti
1074 1394 1258 1436 sedem'?
1307 1394 1386 1435 His
1423 1392 1618 1447 expletis,
1658 1407 1720 1433 sa-

246 1449 369 1489 cratis
399 1462 500 1489 mox
529 1455 704 1488 exutum
733 1448 995 1489 vestimentis
1024 1450 1251 1504 digitisque
1285 1447 1419 1490 tribus
1449 1448 1636 1501 abscisis,
1676 1448 1721 1489 in

244 1504 432 1545 Tiberim
460 1504 615 1544 iactare
645 1504 848 1558 precepit,
890 1512 1146 1560 cunctosque
1176 1519 1281 1560 quos
1310 1505 1402 1559 ipse
1442 1504 1720 1556 ordinaverat,

242 1558 378 1614 gradu
407 1559 576 1614 proprio
608 1558 832 1612 depositos,
862 1559 1014 1600 iterum
1036 1560 1255 1601 ordinavit.
1305 1559 1431 1611 Quod
1459 1573 1584 1614 quam
1612 1557 1720 1599 male

243 1615 406 1669 *egerit,
420 1622 539 1670 pater
551 1615 823 1665 sanctissime,
840 1614 884 1654 in
900 1614 979 1655 hoc
995 1615 1328 1656 animadvertere
1338 1615 1507 1670 poteris,
1521 1614 1720 1670 quoniam

245 1678 285 1712 et
314 1670 368 1721 hi,
401 1670 473 1725 qui
501 1683 526 1709 a
554 1669 672 1722 Iuda,
705 1669 864 1711 domini
892 1671 1025 1712 nostri
1052 1671 1149 1712 Iesu
1181 1670 1337 1712 Christi
1364 1669 1589 1726 proditore,
1624 1676 1721 1710 ante

241 1725 523 1782 proditionem
560 1724 738 1766 salutem
779 1739 852 1766 seu
890 1726 1227 1767 benedictionem
1267 1725 1543 1781 apostolicam
1580 1738 1720 1780 perce-

241 1788 405 1837 perunt,
435 1794 484 1822 ea
510 1787 606 1835 post
624 1780 906 1836 proditionem
926 1782 1170 1836 propriique
1192 1782 1379 1837 corporis
1401 1781 1719 1836 suspensionem

241 1837 412 1877 minime
457 1843 554 1877 srmt
596 1836 763 1891 privati,
806 1837 887 1876 nisi
928 1851 1032 1892 quos
1071 1836 1266 1892 improba
1300 1836 1407 1878 forte
1445 1835 1721 1877 defaedarunt

241 1891 411 1947 flagitia.
469 1892 715 1932 Benedictio
746 1891 954 1946 siquidem
985 1907 1092 1947 quae
1132 1893 1332 1934 ministris
1364 1891 1520 1933 Christi
1558 1892 1720 1947 impen-

241 1947 364 2000 ditur,
394 1961 480 1987 non
508 1961 583 2001 per
612 1961 708 1988 eum
740 1948 810 2002 qui
840 1947 1019 2000 videtur,
1056 1947 1130 1989 sed
1161 1949 1235 2003 qui
1262 1962 1347 1988 non
1377 1946 1554 1999 videtur,
1586 1961 1721 1988 sacer-

243 2002 383 2044 dotem
412 2002 657 2043 infunditur.
715 2002 864 2057 Neque
894 2003 1004 2043 enim
1035 2004 1107 2058 qui
1136 2004 1247 2058 rigat
1275 2010 1339 2044 est
1370 2002 1542 2058 aliquid,
1582 2017 1720 2058 neque

245 2059 316 2114 qui
345 2057 519 2114 plantat,
550 2057 636 2110 sed,
668 2058 740 2113 qui
767 2058 1073 2099 incrementum
1104 2058 1187 2111 dat,
1218 2059 1334 2101 deus.

355 2114 420 2154 31.
466 2113 659 2164 Quantae
679 2120 819 2154 autem
840 2121 950 2155 esset
968 2115 1240 2167 auctoritatis,
1271 2121 1535 2170 quantaeque
1554 2112 1720 2168 religio-

241 2170 305 2210 nis
333 2183 444 2224 papa
474 2169 703 2209 Formosus
733 2168 870 2221 fuerit,
900 2169 997 2210 hinc
1027 2169 1222 2225 colligere
1252 2184 1490 2225 possumus,
1520 2169 1719 2224 quoniam

242 2224 343 2265 dum
373 2238 398 2264 a
425 2223 706 2280 piscatoribus
736 2224 1006 2279 postmodum
1036 2232 1145 2267 esset
1173 2226 1367 2266 inventus
1387 2232 1512 2280 atque
1533 2223 1588 2265 ad
1607 2224 1720 2265 beati

241 2280 355 2327 Petri
384 2279 670 2335 apostolorum
700 2281 901 2335 principis
923 2280 1141 2322 ecclesiam
1163 2280 1407 2335 deportatus
1420 2287 1448 2333 ³,
1479 2287 1718 2321 sanctorum

243 2334 424 2391 quedam
452 2336 657 2390 imagines
686 2334 798 2376 hunc
828 2337 871 2376 in
899 2335 1036 2377 loculo
1067 2337 1251 2392 positum
1285 2334 1582 2377 venerabiliter
1610 2333 1719 2376 salu-

241 2398 393 2432 tarunt.
451 2390 546 2431 Hoc
582 2405 766 2446 namque
796 2405 821 2431 a
855 2391 1181 2446 religiosissimis
1218 2392 1433 2432 Romanae
1470 2388 1587 2431 urbis
1616 2391 1718 2431 viris

247 2515 280 2559 1)
309 2517 488 2559 Stephano
516 2518 545 2548 V
573 2518 669 2559 Sept.
703 2529 747 2550 m.
776 2517 859 2551 891.
910 2518 1010 2550 Anno
1044 2518 1182 2550 demum
1217 2517 1285 2548 897
1318 2518 1408 2549 inter
1434 2517 1627 2549 Iohannem
1655 2517 1720 2549 IX.

244 2570 278 2598 et
313 2565 474 2607 Sergium
513 2565 555 2597 de
595 2566 765 2607 dignitate
803 2566 922 2609 papali
963 2567 1221 2598 contentionem
1261 2570 1416 2598 exortam
1454 2575 1530 2598 esse
1570 2568 1719 2597 constat.

243 2612 280 2655 2)
301 2613 491 2646 Confundit
508 2613 566 2646 hic
585 2619 706 2647 auctor
725 2614 940 2657 Stephanum
960 2616 1022 2646 VI.
1042 2613 1264 2657 (896—897)
1285 2625 1363 2646 cum
1392 2614 1514 2655 Sergio
1532 2614 1599 2645 III.
1627 2623 1721 2656 papa

242 2662 478 2703 (904-911)‚
506 2673 651 2704 quorum
676 2666 822 2706 uterque
849 2664 1008 2696 Formosi
1033 2662 1274 2705 pontificatum
1296 2663 1430 2695 irritum
1455 2662 1577 2694 haberi
1598 2661 1719 2702 voluit,

243 2710 305 2743 sed
331 2710 391 2742 ille
420 2711 463 2742 de
489 2712 658 2744 Formoso
692 2713 762 2743 iam
798 2712 933 2754 sepulto
967 2711 1136 2744 iudicium
1171 2711 1303 2752 habuit,
1339 2711 1396 2743 hie
1429 2710 1577 2743 clericos
1605 2710 1647 2742 ab
1676 2720 1718 2742 eo

243 2759 421 2792 ordinatos
446 2760 571 2792 iterum
599 2760 753 2792 ordinari
779 2761 891 2793 iussit.
979 2759 1018 2802 3)
1037 2761 1092 2792 De
1119 2760 1279 2792 Formosi
1308 2759 1491 2791 cadaveris
1512 2759 1715 2791 inventione

244 2807 287 2839 cf.
315 2808 446 2839 Auxilii
471 2807 629 2840 libellum
656 2810 692 2840 in
719 2809 957 2841 defensionem
992 2819 1114 2841 sacrae
1150 2808 1379 2840 ordinationis
1414 2818 1527 2851 papae
1558 2807 1718 2839 Formosi

244 2866 264 2887 a
291 2866 345 2888 me
373 2856 502 2888 editum
530 2857 556 2897 I,
585 2868 614 2890 c.
644 2858 698 2888 11.
