1853 3209
200 412 255 447 (8.)

200 863 257 888 917

117 902 198 933 Aug.
213 902 259 926 20.

126 1065 134 1076 ⁸
146 1076 176 1099 p.
191 1068 258 1095 309.

273 151 315 180 66
453 149 754 182 LIUDPRANDI
781 148 1129 183 ANTAPODOSIS.
1179 149 1274 181 LIB.
1301 149 1370 180 III.
1426 149 1578 181 26—29.

272 267 470 314 caeteros,
502 268 548 301 ut
577 261 774 312 diximus,
809 259 990 301 abdicat.
1058 260 1142 311 Qui
1183 260 1308 301 etiam
1346 266 1392 300 ut
1431 267 1601 314 ceptum
1643 274 1748 314 opus

272 316 431 357 firmius
466 322 662 371 patraret,
698 330 795 355 cum
834 315 1188 369 Porphyrogeniti
1227 322 1359 357 matre
1400 318 1495 367 Ζοη,
1537 315 1639 355 Zoia
1678 330 1749 356 no-

271 373 395 425 mine,
439 372 608 413 veneria
648 376 713 410 est
751 369 971 410 dulcedine
1007 370 1244 410 iunctus11'.
1321 370 1429 411 Tota
1464 384 1565 410 mox
1602 370 1750 411 civitas

273 434 507 478 coronatur,
540 432 579 467 et
608 425 821 465 Romanos
851 431 970 479 pater
999 424 1192 465 vasilleos
1222 426 1275 466 ab
1310 426 1503 467 omnibus
1534 424 1749 481 apellatur.

383 484 448 523 27.
508 480 719 535 Pugnanti
748 486 937 534 preterea
975 494 1070 519 cum
1110 479 1320 535 Bulgariis
1355 482 1391 521 F
1395 495 1470 522 oca
1503 481 1749 534 domestico,

274 538 344 593 qui
375 544 415 578 et
453 538 543 592 ipse
579 542 699 590 pater
735 534 931 576 vasilleos
976 535 1172 576 ardenter
1211 535 1301 577 fieri
1337 536 1546 591 cupiebat,
1583 536 1675 591 ipso
1706 537 1750 577 in

271 591 379 634 bello
419 592 470 633 de
511 591 701 632 hostibus
736 590 820 630 iam
859 590 1120 645 triumphum
1158 591 1326 644 tenenti,
1368 592 1470 647 quid
1506 607 1529 632 a
1560 592 1751 632 Romano

271 656 411 690 actum
442 648 494 688 sit
522 647 751 687 nuntiatur.
810 646 894 697 Qui
924 660 1025 686 mox
1054 646 1193 686 animo
1215 654 1505 688 consternatus
1534 647 1750 702 nimioque

273 703 414 745 dolore
445 701 700 757 compulsus,
730 701 930 742 victoriae
960 701 1129 755 signum
1168 716 1251 757 quo
1281 701 1423 744 hostes
1454 702 1753 758 insequebatur

273 759 466 815 proiecit,
519 766 637 812 terga
680 757 821 807 vertit,
874 756 1018 811 fugam
1064 770 1161 797 suos
1206 757 1310 798 inire
1353 757 1462 799 fecit.
1539 758 1753 812 Reparant

274 817 417 870 itaque
462 813 652 868 Bulgarii
697 812 904 853 Simeonis
955 812 1121 853 hortatu
1171 813 1346 865 animos,
1401 820 1441 854 et
1485 828 1589 868 quos
1634 813 1751 868 prius

274 871 450 912 adverso
494 869 630 909 Marte
674 867 881 921 fugerant,
930 882 1132 922 prospero
1183 868 1454 922 postmodum
1497 869 1752 921 insecuntur,

271 933 471 981 tantaque
511 932 612 966 tunc
655 923 914 964 Achivorum
946 930 1106 978 strages
1156 923 1354 976 efficitur,
1404 930 1451 965 ut
1492 923 1615 974 longo
1660 929 1755 978 post

271 991 460 1037 tempore
491 994 666 1035 campus
697 978 845 1034 plenus
876 977 1040 1019 ossibus
1069 978 1283 1020 videretur
1295 986 1322 1020 2.

384 1038 498 1078 *28ss
549 1036 678 1077 Omni
728 1035 910 1090 denique
952 1049 1047 1075 cum
1096 1034 1360 1076 festinatione
1399 1036 1483 1075 iam
1514 1034 1754 1075 nominatus

272 1095 407 1136 Focas
445 1092 699 1133 domesticus
739 1089 1145 1145 Constantinopolim
1184 1090 1310 1142 redit3
1350 1089 1550 1145 palatium
1589 1089 1754 1144 ingredi

271 1150 397 1205 cupit,
427 1148 471 1188 vi
500 1154 541 1189 et
569 1161 654 1187 non
693 1151 780 1187 arte
820 1152 940 1200 pater
967 1144 1159 1187 vasilleos
1197 1146 1286 1187 fieri
1316 1146 1480 1200 satagit.
1540 1145 1625 1186 Sed
1656 1145 1755 1200 quia

271 1207 347 1247 ‘vis
379 1202 539 1245 consilii
569 1216 721 1257 expers
751 1202 860 1242 mole
890 1202 972 1242 ruit
1001 1203 1107 1254 sua’,
1138 1208 1179 1243 et
1211 1208 1255 1242 ut
1284 1200 1492 1242 Flaccus³
1524 1199 1638 1252 dicit,
1669 1200 1755 1240 ‘Dii

270 1266 550 1315 temperatum
580 1257 816 1312 provehunt
845 1257 888 1297 in
917 1256 1077 1309 maius⁷,
1108 1272 1133 1297 a
1162 1257 1353 1298 Romano
1391 1256 1646 1298 domesticus
1676 1256 1755 1297 iste

272 1318 446 1372 capitur,
478 1320 605 1369 atque
636 1319 812 1367 utroque
841 1312 998 1353 lumine
1029 1313 1256 1367 privatul·⁴.
1316 1313 1525 1367 Bulgariis
1565 1326 1651 1352 non
1679 1312 1754 1351 mi-

270 1373 384 1413 nima
426 1371 490 1411 vis
533 1375 732 1423 augetur,
786 1367 935 1422 hisque
972 1366 1132 1408 Grecos
1177 1368 1462 1423 depopulandi
1506 1367 1749 1409 vicissitudo

272 1427 400 1483 dupla
428 1424 684 1480 rependitur.

383 1482 451 1523 ⁶29.
496 1480 623 1521 Hunc
654 1479 806 1521 etenim
838 1478 1078 1520 Simeonem
1109 1479 1343 1533 emiargon,
1384 1478 1427 1518 id
1457 1484 1520 1519 est
1558 1479 1755 1534 semigre-

274 1554 371 1581 cum
403 1571 411 1591 ,
443 1552 532 1579 esse
562 1536 741 1587 aiebant,
773 1549 821 1575 eo
854 1534 966 1590 quod
996 1549 1021 1574 a
1059 1535 1245 1589 puericia
1274 1534 1452 1575 Bizantii
1485 1533 1755 1575 Demostenis

271 1594 519 1636 rhetoricam
569 1589 891 1645 Aristotelisque
940 1589 1174 1645 silogismos
1223 1589 1427 1631 didicerit.
1505 1590 1607 1631 Post
1653 1589 1757 1630 haec

273 1657 412 1692 autem
442 1647 596 1689 relictis
626 1647 779 1687 artium
809 1645 970 1698 studiis,
1002 1652 1048 1686 ut
1077 1646 1193 1685 aiunt
1230 1645 1556 1686 conversationis
1587 1651 1756 1686 sanctae

272 1706 461 1747 habitum
505 1703 695 1758 sumpsit.
762 1702 920 1743 Verum
970 1700 1096 1756 paulo
1141 1707 1236 1756 post
1278 1700 1483 1756 regnandi
1529 1700 1757 1756 cupiditate

273 1762 493 1816 deceptus,
534 1775 587 1800 ex
626 1757 791 1813 placida
831 1757 1073 1798 monasterii
1112 1758 1251 1812 quiete
1288 1757 1331 1796 in
1370 1755 1500 1797 seculi
1529 1755 1756 1812 procella-m

272 1817 476 1866 transivit,
509 1814 717 1869 elegitque
747 1813 885 1868 potius
915 1818 1149 1868 apostatam
1180 1812 1410 1864 Iulianum,
1448 1826 1576 1868 quam
1606 1811 1757 1853 beatis-

274 1874 426 1914 simum
456 1873 628 1912 Petrum
660 1869 850 1910 caelestis
890 1869 1009 1923 regni
1047 1869 1166 1924 sequi
1206 1867 1478 1922 clavigerum.
1537 1867 1621 1919 Qui
1652 1866 1758 1909 duos

273 1928 380 1969 filios
419 1927 586 1978 habuit,
622 1940 753 1965 unum
793 1924 961 1967 nomine
1001 1924 1258 1976 Baianum⁵,
1297 1924 1494 1976 alterum,
1534 1924 1606 1979 qui
1644 1937 1757 1965 nunc

273 1998 407 2040 usque
453 1988 643 2037 superest
687 1986 962 2036 potenterque
1006 1978 1216 2034 Bulgariis
1261 1980 1544 2034 principatur,
1588 1979 1757 2020 nomine

273 2041 445 2081 Petrum
458 2046 486 2078 6.
546 2037 753 2077 Baianum
793 2042 933 2076 autem
972 2035 1077 2076 adeo
1115 2035 1258 2076 foered
1301 2036 1509 2089 magicam
1548 2033 1757 2088 didicisse,

273 2103 318 2137 ut
362 2110 416 2136 ex
457 2093 625 2135 homine
670 2091 808 2134 subito
847 2091 936 2132 fieri
973 2090 1121 2146 lupum
1163 2105 1527 2146 quamvecumque
1568 2104 1759 2132 cerneres

271 2151 404 2194 feram
423 2158 450 2193 ⁷.

276 2264 304 2297 a)
329 2266 367 2289 ita
389 2264 496 2295 scriho;
518 2262 578 2288 Ζοι.
602 2269 655 2287 zoe
680 2264 710 2293 13
733 2262 825 2285 littera
853 2269 862 2286 ι,
886 2261 914 2285 2'72
935 2261 995 2285 loco
1018 2268 1084 2285 raso
1108 2267 1195 2285 manu
1216 2261 1348 2286 secunda.
1448 2257 1478 2291 b)
1501 2259 1648 2290 sequentia
1669 2265 1758 2290 usque

275 2305 312 2328 all
334 2305 383 2335 IV,
408 2305 439 2334 ῦς
463 2303 511 2327 eui
534 2303 589 2326 hoc
613 2302 735 2326 nomine
758 2301 865 2329 desunt,
891 2301 969 2324 nulla,
992 2300 1095 2324 lacuna
1120 2300 1245 2324 Indicam
1267 2299 1294 2324 3.
1366 2297 1392 2330 c)
1416 2301 1500 2329 caput
1521 2299 1571 2323 hoc
1593 2302 1616 2322 ec
1637 2305 1758 2329 sequens

275 2351 362 2374 usque
383 2343 420 2367 ml
442 2342 616 2372 silogismos
639 2348 724 2365 mama
746 2340 929 2371 Liudprandi
950 2340 1085 2370 scrip‘um
1106 2341 1145 2364 est
1168 2340 1196 2364 in
1219 2339 1277 2363 loco
1302 2345 1390 2363 caeno
1414 2338 1519 2362 relicto.
1571 2336 1602 2369 d)
1616 2337 1632 2362 ἰ.
1648 2344 1668 2362 e.
1682 2337 1756 2363 fere.

277 2447 312 2491 1)
341 2450 451 2481 Immo
479 2448 574 2480 Zoen
601 2449 787 2488 augustam
815 2445 858 2477 ob
894 2444 1058 2477 veneficii
1093 2445 1327 2487 suspicionem
1364 2444 1399 2474 in
1426 2444 1675 2475 monasterium
1703 2453 1756 2474 re-

273 2499 386 2530 trusit.
463 2493 500 2538 2)
529 2496 582 2528 Cf.
612 2495 655 2527 de
682 2495 748 2526 hae
775 2504 894 2536 pugna
921 2494 1050 2535 Georg.
1079 2493 1245 2525 Monach.
1274 2492 1316 2523 de
1345 2492 1465 2524 Const.
1488 2491 1616 2534 Porph.
1639 2502 1669 2524 c.
1692 2491 1754 2523 16:

276 2542 425 2590 αἵματός
451 2555 487 2577 τε
512 2541 610 2588 χύσις
637 2541 697 2576 οἷα
723 2539 761 2581 ἐξ
781 2541 907 2582 αἰῶνος
924 2538 963 2574 Οὔ
984 2539 1127 2583 γέγονεν.
1205 2540 1243 2582 3)
1272 2541 1338 2573 Od.
1359 2541 1428 2580 III,
1457 2540 1489 2573 4.
1511 2540 1566 2573 65.
1644 2537 1682 2581 4)
1703 2539 1755 2573 Cf.

275 2595 404 2627 Leonis
431 2594 584 2625 Diaconi
620 2593 712 2624 Hist.
746 2591 769 2624 l.
797 2591 868 2623 VII
896 2601 925 2622 ο.
956 2591 991 2630 7,
1032 2591 1091 2632 qui
1127 2590 1170 2621 de
1206 2590 1335 2621 Leonis
1370 2589 1511 2621 Phocae
1540 2587 1695 2621 consiliis
1724 2592 1758 2620 et

276 2645 370 2675 exitu
397 2642 525 2676 similia
551 2645 679 2681 narrat,
705 2639 767 2673 sed
793 2643 950 2682 tempore
978 2640 1105 2681 stragis
1131 2638 1225 2671 illius
1245 2638 1288 2669 ad
1309 2637 1502 2670 Acheloum
1522 2637 1665 2669 fluvium
1685 2636 1759 2668 edi-

274 2697 332 2724 tae
358 2693 536 2724 Romanus
563 2689 716 2722 nondum
744 2692 843 2731 pater
869 2689 1009 2730 augusti
1035 2687 1273 2730 proclamatus
1293 2691 1376 2718 erat.
1453 2685 1490 2721 5)
1510 2686 1757 2718 Beniaminum

275 2744 405 2773 vocant
432 2750 509 2772 eum
538 2742 701 2771 auctores
730 2737 870 2769 Graeci.
964 2736 1002 2779 6)
1027 2737 1137 2768 Annis
1166 2734 1368 2767 927—969.
1465 2735 1500 2777 7)
1530 2734 1583 2766 Cf.
1614 2734 1758 2775 Grimm,

276 2789 456 2821 Deutsche
483 2787 701 2830 Mythologie
732 2786 836 2817 1048.

1840 310 1842 314 ’
1842 153 1853 291 amsa-
1837 0 1853 145 „zzz-'in-

1852 575 1853 578 „
1846 445 1853 564 ᾼΑ--α
