<?xml version="1.0" encoding="UTF-8"?>
<!DOCTYPE html PUBLIC "-//W3C//DTD XHTML 1.0 Transitional//EN"
    "http://www.w3.org/TR/xhtml1/DTD/xhtml1-transitional.dtd">
<html xmlns="http://www.w3.org/1999/xhtml" xml:lang="en" lang="en">
 <head>
  <title>
</title>
<meta http-equiv="Content-Type" content="text/html;charset=utf-8" />
  <meta name='ocr-system' content='tesseract 3.04.00' />
  <meta name='ocr-capabilities' content='ocr_page ocr_carea ocr_par ocr_line ocrx_word'/>
</head>
<body>
  <div class='ocr_page' id='page_1' title='image "./operaomnia00liuduoft_0130.png"; bbox 0 0 1878 3201; ppageno 0'>
   <div class='ocr_carea' id='block_1_1' title="bbox 327 170 1623 206">
    <p class='ocr_par' dir='ltr' id='par_1_1' title="bbox 327 170 1623 206">
     <span class='ocr_line' id='line_1_1' title="bbox 327 170 1623 206; baseline -0.002 0"><span class='ocrx_word' id='word_1_1' title='bbox 327 174 370 206; x_wconf 79' lang='lat'>98</span> <span class='ocrx_word' id='word_1_2' title='bbox 514 173 814 206; x_wconf 82' lang='lat' dir='ltr'>LIUDPRANDI</span> <span class='ocrx_word' id='word_1_3' title='bbox 840 171 1182 205; x_wconf 78' lang='lat' dir='ltr'>ANTAPODOSIS.</span> <span class='ocrx_word' id='word_1_4' title='bbox 1234 171 1328 204; x_wconf 89' lang='lat' dir='ltr'>LIB.</span> <span class='ocrx_word' id='word_1_5' title='bbox 1355 171 1417 204; x_wconf 86' lang='lat' dir='ltr'>IV.</span> <span class='ocrx_word' id='word_1_6' title='bbox 1469 170 1623 203; x_wconf 89' lang='lat'>30-33.</span> 
     </span>
    </p>
   </div>
   <div class='ocr_carea' id='block_1_2' title="bbox 247 279 1799 338">
    <p class='ocr_par' dir='ltr' id='par_1_2' title="bbox 247 279 1799 338">
     <span class='ocr_line' id='line_1_2' title="bbox 247 279 1799 338; baseline 0.001 -18"><span class='ocrx_word' id='word_1_7' title='bbox 247 296 311 321; x_wconf 79' lang='lat'>939.</span> <span class='ocrx_word' id='word_1_8' title='bbox 327 290 493 338; x_wconf 89' lang='lat' dir='ltr'>tempus</span> <span class='ocrx_word' id='word_1_9' title='bbox 551 290 756 338; x_wconf 78' lang='lat' dir='ltr'>expectat.</span> <span class='ocrx_word' id='word_1_10' title='bbox 833 281 1041 322; x_wconf 88' lang='lat' dir='ltr'>Malumus</span> <span class='ocrx_word' id='word_1_11' title='bbox 1098 282 1206 322; x_wconf 91' lang='lat' dir='ltr'>enim</span> <span class='ocrx_word' id='word_1_12' title='bbox 1265 281 1477 322; x_wconf 84' lang='lat' dir='ltr'>rusticana</span> <span class='ocrx_word' id='word_1_13' title='bbox 1532 279 1799 335; x_wconf 76' lang='lat' dir='ltr'>simplicitate</span> 
     </span>
    </p>
   </div>
   <div class='ocr_carea' id='block_1_3' title="bbox 154 402 272 435">
    <p class='ocr_par' dir='ltr' id='par_1_3' title="bbox 154 402 272 435">
     <span class='ocr_line' id='line_1_3' title="bbox 154 402 272 435; baseline -0.017 -7"><span class='ocrx_word' id='word_1_14' title='bbox 154 410 182 435; x_wconf 87' lang='lat' dir='ltr'>p.</span> <span class='ocrx_word' id='word_1_15' title='bbox 208 402 272 428; x_wconf 77' lang='lat'>326.</span> 
     </span>
    </p>
   </div>
   <div class='ocr_carea' id='block_1_4' title="bbox 239 744 312 777">
    <p class='ocr_par' dir='ltr' id='par_1_4' title="bbox 239 744 312 777">
     <span class='ocr_line' id='line_1_4' title="bbox 239 744 312 777; baseline -0.014 0"><span class='ocrx_word' id='word_1_16' title='bbox 239 744 312 777; x_wconf 87' lang='lat'>(18.)</span> 
     </span>
    </p>
   </div>
   <div class='ocr_carea' id='block_1_5' title="bbox 250 2226 321 2260">
    <p class='ocr_par' dir='ltr' id='par_1_5' title="bbox 250 2226 321 2260">
     <span class='ocr_line' id='line_1_5' title="bbox 250 2226 321 2260; baseline 0 -9"><span class='ocrx_word' id='word_1_17' title='bbox 250 2226 321 2260; x_wconf 82' lang='lat'>(19.)</span> 
     </span>
    </p>
   </div>
   <div class='ocr_carea' id='block_1_6' title="bbox 327 334 1814 2493">
    <p class='ocr_par' dir='ltr' id='par_1_6' title="bbox 327 334 1802 710">
     <span class='ocr_line' id='line_1_6' title="bbox 327 334 1801 393; baseline -0.003 -13"><span class='ocrx_word' id='word_1_18' title='bbox 327 339 486 391; x_wconf 87' lang='lat' dir='ltr'>laetari,</span> <span class='ocrx_word' id='word_1_19' title='bbox 540 341 685 393; x_wconf 88' lang='lat' dir='ltr'>*quam</span> <span class='ocrx_word' id='word_1_20' title='bbox 737 336 929 378; x_wconf 89' lang='lat' dir='ltr'>Tulliana</span> <span class='ocrx_word' id='word_1_21' title='bbox 977 336 1129 377; x_wconf 77' lang='lat' dir='ltr'>facetia</span> <span class='ocrx_word' id='word_1_22' title='bbox 1176 336 1427 391; x_wconf 87' lang='lat' dir='ltr'>periclitari’.</span> <span class='ocrx_word' id='word_1_23' title='bbox 1504 335 1584 376; x_wconf 90' lang='lat' dir='ltr'>His</span> <span class='ocrx_word' id='word_1_24' title='bbox 1633 334 1801 388; x_wconf 86' lang='lat' dir='ltr'>auditis,</span> 
     </span>
     <span class='ocr_line' id='line_1_7' title="bbox 329 391 1799 446; baseline -0.003 -11"><span class='ocrx_word' id='word_1_25' title='bbox 329 393 619 435; x_wconf 79' lang='lat' dir='ltr'>Heverardum</span> <span class='ocrx_word' id='word_1_26' title='bbox 649 400 774 446; x_wconf 87' lang='lat' dir='ltr'>atque</span> <span class='ocrx_word' id='word_1_27' title='bbox 807 391 1090 432; x_wconf 82' lang='lat' dir='ltr'>Gislebertum</span> <span class='ocrx_word' id='word_1_28' title='bbox 1119 391 1330 432; x_wconf 90' lang='lat' dir='ltr'>hominem</span> <span class='ocrx_word' id='word_1_29' title='bbox 1360 397 1508 432; x_wconf 81' lang='lat' dir='ltr'>exutos</span> <span class='ocrx_word' id='word_1_30' title='bbox 1529 406 1632 442; x_wconf 87' lang='lat' dir='ltr'>esse,</span> <span class='ocrx_word' id='word_1_31' title='bbox 1663 391 1799 445; x_wconf 89' lang='lat' dir='ltr'>primo</span> 
     </span>
     <span class='ocr_line' id='line_1_8' title="bbox 327 445 1801 504; baseline -0.003 -14"><span class='ocrx_word' id='word_1_32' title='bbox 327 451 489 504; x_wconf 89' lang='lat' dir='ltr'>impetu</span> <span class='ocrx_word' id='word_1_33' title='bbox 525 448 743 499; x_wconf 82' lang='lat' dir='ltr'>nuntiavit,</span> <span class='ocrx_word' id='word_1_34' title='bbox 780 445 1085 500; x_wconf 83' lang='lat' dir='ltr'>volentemque,</span> <span class='ocrx_word' id='word_1_35' title='bbox 1123 445 1298 500; x_wconf 82' lang='lat' dir='ltr'>qualiter</span> <span class='ocrx_word' id='word_1_36' title='bbox 1333 446 1412 487; x_wconf 91' lang='lat' dir='ltr'>hoc</span> <span class='ocrx_word' id='word_1_37' title='bbox 1451 446 1664 497; x_wconf 84' lang='lat' dir='ltr'>acciderit,</span> <span class='ocrx_word' id='word_1_38' title='bbox 1708 459 1801 500; x_wconf 91' lang='lat' dir='ltr'>pro-</span> 
     </span>
     <span class='ocr_line' id='line_1_9' title="bbox 329 499 1801 559; baseline -0.003 -14"><span class='ocrx_word' id='word_1_39' title='bbox 329 505 460 559; x_wconf 87' lang='lat' dir='ltr'>sequi,</span> <span class='ocrx_word' id='word_1_40' title='bbox 497 518 574 544; x_wconf 81' lang='lat' dir='ltr'>rex</span> <span class='ocrx_word' id='word_1_41' title='bbox 617 516 746 542; x_wconf 88' lang='lat' dir='ltr'>manu</span> <span class='ocrx_word' id='word_1_42' title='bbox 791 501 1062 555; x_wconf 76' lang='lat' dir='ltr'>compescuit,</span> <span class='ocrx_word' id='word_1_43' title='bbox 1107 515 1156 541; x_wconf 88' lang='lat' dir='ltr'>ac</span> <span class='ocrx_word' id='word_1_44' title='bbox 1200 515 1301 541; x_wconf 86' lang='grc' dir='ltr'>111οΧ</span> <span class='ocrx_word' id='word_1_45' title='bbox 1340 501 1391 542; x_wconf 91' lang='lat' dir='ltr'>de</span> <span class='ocrx_word' id='word_1_46' title='bbox 1427 516 1534 556; x_wconf 89' lang='lat' dir='ltr'>equo</span> <span class='ocrx_word' id='word_1_47' title='bbox 1572 499 1801 553; x_wconf 86' lang='lat' dir='ltr'>descendit,</span> 
     </span>
     <span class='ocr_line' id='line_1_10' title="bbox 329 554 1802 613; baseline -0.003 -12"><span class='ocrx_word' id='word_1_48' title='bbox 329 573 516 613; x_wconf 82' lang='lat' dir='ltr'>seseque,</span> <span class='ocrx_word' id='word_1_49' title='bbox 549 572 643 598; x_wconf 89' lang='lat' dir='ltr'>cum</span> <span class='ocrx_word' id='word_1_50' title='bbox 673 555 856 597; x_wconf 76' lang='lat' dir='ltr'>lacrimis</span> <span class='ocrx_word' id='word_1_51' title='bbox 886 556 964 597; x_wconf 91' lang='lat' dir='ltr'>deo</span> <span class='ocrx_word' id='word_1_52' title='bbox 996 556 1152 611; x_wconf 80' lang='lat' dir='ltr'>gratias</span> <span class='ocrx_word' id='word_1_53' title='bbox 1173 571 1315 611; x_wconf 87' lang='lat' dir='ltr'>agens,</span> <span class='ocrx_word' id='word_1_54' title='bbox 1347 557 1390 596; x_wconf 92' lang='lat' dir='ltr'>in</span> <span class='ocrx_word' id='word_1_55' title='bbox 1414 558 1643 597; x_wconf 86' lang='lat' dir='ltr'>orationem</span> <span class='ocrx_word' id='word_1_56' title='bbox 1675 554 1802 596; x_wconf 75' lang='lat' dir='ltr'>dedjt.</span> 
     </span>
     <span class='ocr_line' id='line_1_11' title="bbox 330 611 1801 668; baseline -0.003 -13"><span class='ocrx_word' id='word_1_57' title='bbox 330 616 426 666; x_wconf 79' lang='lat' dir='ltr'>Qua</span> <span class='ocrx_word' id='word_1_58' title='bbox 455 612 637 668; x_wconf 77' lang='lat' dir='ltr'>expleta,</span> <span class='ocrx_word' id='word_1_59' title='bbox 667 611 860 662; x_wconf 82' lang='lat' dir='ltr'>surrexit,</span> <span class='ocrx_word' id='word_1_60' title='bbox 891 618 1018 667; x_wconf 90' lang='lat' dir='ltr'>atque</span> <span class='ocrx_word' id='word_1_61' title='bbox 1048 611 1195 652; x_wconf 88' lang='lat' dir='ltr'>itinere</span> <span class='ocrx_word' id='word_1_62' title='bbox 1228 625 1309 666; x_wconf 91' lang='lat' dir='ltr'>quo</span> <span class='ocrx_word' id='word_1_63' title='bbox 1332 619 1502 666; x_wconf 66' lang='lat' dir='ltr'>ceperat</span> <span class='ocrx_word' id='word_1_64' title='bbox 1522 611 1600 653; x_wconf 93' lang='lat' dir='ltr'>deo</span> <span class='ocrx_word' id='word_1_65' title='bbox 1623 625 1666 652; x_wconf 86' lang='lat' dir='ltr'>se</span> <span class='ocrx_word' id='word_1_66' title='bbox 1690 623 1801 651; x_wconf 92' lang='lat' dir='ltr'>com-</span> 
     </span>
     <span class='ocr_line' id='line_1_12' title="bbox 330 665 1110 710; baseline -0.004 0"><span class='ocrx_word' id='word_1_67' title='bbox 330 668 626 710; x_wconf 89' lang='lat' dir='ltr'>mendaturum</span> <span class='ocrx_word' id='word_1_68' title='bbox 656 666 710 707; x_wconf 86' lang='lat' dir='ltr'>ad</span> <span class='ocrx_word' id='word_1_69' title='bbox 740 666 935 707; x_wconf 89' lang='lat' dir='ltr'>eclesiam</span> <span class='ocrx_word' id='word_1_70' title='bbox 964 665 1110 708; x_wconf 87' lang='lat' dir='ltr'>tendit.</span> 
     </span>
    </p>

    <p class='ocr_par' dir='ltr' id='par_1_7' title="bbox 328 719 1808 1497">
     <span class='ocr_line' id='line_1_13' title="bbox 440 719 1805 776; baseline -0.001 -12"><span class='ocrx_word' id='word_1_71' title='bbox 440 725 506 765; x_wconf 84' lang='lat'>31.</span> <span class='ocrx_word' id='word_1_72' title='bbox 564 722 660 763; x_wconf 92' lang='lat' dir='ltr'>Hoc</span> <span class='ocrx_word' id='word_1_73' title='bbox 702 722 746 761; x_wconf 92' lang='lat' dir='ltr'>in</span> <span class='ocrx_word' id='word_1_74' title='bbox 784 728 973 776; x_wconf 90' lang='lat' dir='ltr'>tempore</span> <span class='ocrx_word' id='word_1_75' title='bbox 1008 720 1231 763; x_wconf 86' lang='lat' dir='ltr'>Bertaldus</span> <span class='ocrx_word' id='word_1_76' title='bbox 1262 721 1567 776; x_wconf 88' lang='lat' dir='ltr'>Bagoariorum</span> <span class='ocrx_word' id='word_1_77' title='bbox 1597 721 1698 774; x_wconf 82' lang='lat' dir='ltr'>dux,</span> <span class='ocrx_word' id='word_1_78' title='bbox 1727 719 1805 761; x_wconf 87' lang='lat' dir='ltr'>Ar-</span> 
     </span>
     <span class='ocr_line' id='line_1_14' title="bbox 328 775 1808 832; baseline -0.003 -12"><span class='ocrx_word' id='word_1_79' title='bbox 328 778 431 820; x_wconf 83' lang='lat' dir='ltr'>nulfi</span> <span class='ocrx_word' id='word_1_80' title='bbox 462 778 580 819; x_wconf 88' lang='lat' dir='ltr'>ducis</span> <span class='ocrx_word' id='word_1_81' title='bbox 610 777 739 818; x_wconf 86' lang='lat' dir='ltr'>frater</span> <span class='ocrx_word' id='word_1_82' title='bbox 751 785 777 828; x_wconf 89' lang='lat'>¹,</span> <span class='ocrx_word' id='word_1_83' title='bbox 814 777 877 817; x_wconf 83' lang='lat' dir='ltr'>vir</span> <span class='ocrx_word' id='word_1_84' title='bbox 907 784 1112 829; x_wconf 89' lang='lat' dir='ltr'>strenuus,</span> <span class='ocrx_word' id='word_1_85' title='bbox 1150 777 1261 831; x_wconf 89' lang='lat' dir='ltr'>regis</span> <span class='ocrx_word' id='word_1_86' title='bbox 1292 775 1482 832; x_wconf 88' lang='lat' dir='ltr'>partibus</span> <span class='ocrx_word' id='word_1_87' title='bbox 1521 783 1608 818; x_wconf 87' lang='lat' dir='ltr'>toto</span> <span class='ocrx_word' id='word_1_88' title='bbox 1637 776 1808 817; x_wconf 84' lang='lat' dir='ltr'>favebat</span> 
     </span>
     <span class='ocr_line' id='line_1_15' title="bbox 330 831 1805 887; baseline -0.003 -11"><span class='ocrx_word' id='word_1_89' title='bbox 330 834 561 876; x_wconf 89' lang='lat' dir='ltr'>conamine.</span> <span class='ocrx_word' id='word_1_90' title='bbox 619 831 777 873; x_wconf 75' lang='lat' dir='ltr'>Volens</span> <span class='ocrx_word' id='word_1_91' title='bbox 799 832 940 887; x_wconf 88' lang='lat' dir='ltr'>itaque</span> <span class='ocrx_word' id='word_1_92' title='bbox 963 847 1051 885; x_wconf 87' lang='lat' dir='ltr'>rex,</span> <span class='ocrx_word' id='word_1_93' title='bbox 1082 837 1127 872; x_wconf 89' lang='lat' dir='ltr'>ut</span> <span class='ocrx_word' id='word_1_94' title='bbox 1148 831 1504 887; x_wconf 83' lang='lat' dir='ltr'>quemadmodum</span> <span class='ocrx_word' id='word_1_95' title='bbox 1525 831 1805 872; x_wconf 76' lang='lat' dir='ltr'>tribulationis</span> 
     </span>
     <span class='ocr_line' id='line_1_16' title="bbox 328 886 1807 945; baseline -0.003 -14"><span class='ocrx_word' id='word_1_96' title='bbox 328 890 549 945; x_wconf 83' lang='lat' dir='ltr'>preteritae</span> <span class='ocrx_word' id='word_1_97' title='bbox 594 888 650 929; x_wconf 90' lang='lat' dir='ltr'>ita</span> <span class='ocrx_word' id='word_1_98' title='bbox 691 894 731 928; x_wconf 91' lang='lat' dir='ltr'>et</span> <span class='ocrx_word' id='word_1_99' title='bbox 766 886 930 928; x_wconf 85' lang='lat' dir='ltr'>laeticie</span> <span class='ocrx_word' id='word_1_100' title='bbox 966 887 1173 942; x_wconf 89' lang='lat' dir='ltr'>presentis</span> <span class='ocrx_word' id='word_1_101' title='bbox 1202 887 1320 928; x_wconf 86' lang='lat' dir='ltr'>fieret</span> <span class='ocrx_word' id='word_1_102' title='bbox 1348 887 1572 942; x_wconf 84' lang='lat' dir='ltr'>particeps,</span> <span class='ocrx_word' id='word_1_103' title='bbox 1617 886 1807 941; x_wconf 83' lang='lat' dir='ltr'>sequenti</span> 
     </span>
     <span class='ocr_line' id='line_1_17' title="bbox 329 941 1808 999; baseline -0.004 -12"><span class='ocrx_word' id='word_1_104' title='bbox 329 946 409 998; x_wconf 89' lang='lat' dir='ltr'>die,</span> <span class='ocrx_word' id='word_1_105' title='bbox 460 949 615 999; x_wconf 88' lang='lat' dir='ltr'>quanta</span> <span class='ocrx_word' id='word_1_106' title='bbox 667 956 768 998; x_wconf 84' lang='lat' dir='ltr'>erga</span> <span class='ocrx_word' id='word_1_107' title='bbox 822 957 917 984; x_wconf 89' lang='lat' dir='ltr'>eum</span> <span class='ocrx_word' id='word_1_108' title='bbox 962 943 1156 984; x_wconf 84' lang='lat' dir='ltr'>dominus</span> <span class='ocrx_word' id='word_1_109' title='bbox 1196 942 1401 984; x_wconf 85' lang='lat' dir='ltr'>beneficia</span> <span class='ocrx_word' id='word_1_110' title='bbox 1448 943 1593 996; x_wconf 85' lang='lat' dir='ltr'>egerit,</span> <span class='ocrx_word' id='word_1_111' title='bbox 1644 941 1808 982; x_wconf 88' lang='lat' dir='ltr'>nunciis</span> 
     </span>
     <span class='ocr_line' id='line_1_18' title="bbox 330 997 1806 1054; baseline -0.003 -12"><span class='ocrx_word' id='word_1_112' title='bbox 330 1001 498 1042; x_wconf 89' lang='lat' dir='ltr'>directis</span> <span class='ocrx_word' id='word_1_113' title='bbox 528 999 736 1054; x_wconf 81' lang='lat' dir='ltr'>apperuit.</span> <span class='ocrx_word' id='word_1_114' title='bbox 798 997 879 1039; x_wconf 81' lang='lat' dir='ltr'>Cui</span> <span class='ocrx_word' id='word_1_115' title='bbox 910 998 1035 1040; x_wconf 88' lang='lat' dir='ltr'>etiam</span> <span class='ocrx_word' id='word_1_116' title='bbox 1071 999 1115 1038; x_wconf 90' lang='lat' dir='ltr'>in</span> <span class='ocrx_word' id='word_1_117' title='bbox 1150 1006 1423 1053; x_wconf 85' lang='lat' dir='ltr'>augmentum</span> <span class='ocrx_word' id='word_1_118' title='bbox 1462 997 1667 1049; x_wconf 84' lang='lat' dir='ltr'>laeticiae,</span> <span class='ocrx_word' id='word_1_119' title='bbox 1706 1010 1806 1052; x_wconf 94' lang='lat' dir='ltr'>quo-</span> 
     </span>
     <span class='ocr_line' id='line_1_19' title="bbox 328 1051 1806 1108; baseline -0.003 -11"><span class='ocrx_word' id='word_1_120' title='bbox 328 1057 441 1097; x_wconf 82' lang='lat' dir='ltr'>niam</span> <span class='ocrx_word' id='word_1_121' title='bbox 478 1053 714 1108; x_wconf 69' lang='lat' dir='ltr'>coniugalia</span> <span class='ocrx_word' id='word_1_122' title='bbox 755 1053 927 1094; x_wconf 88' lang='lat' dir='ltr'>minime</span> <span class='ocrx_word' id='word_1_123' title='bbox 966 1052 1187 1095; x_wconf 84' lang='lat' dir='ltr'>tenebatur</span> <span class='ocrx_word' id='word_1_124' title='bbox 1227 1053 1408 1106; x_wconf 83' lang='lat' dir='ltr'>vinculo,</span> <span class='ocrx_word' id='word_1_125' title='bbox 1447 1051 1718 1094; x_wconf 86' lang='lat' dir='ltr'>demandavit</span> <span class='ocrx_word' id='word_1_126' title='bbox 1755 1065 1806 1092; x_wconf 90' lang='lat' dir='ltr'>ac</span> 
     </span>
     <span class='ocr_line' id='line_1_20' title="bbox 329 1105 1807 1164; baseline -0.003 -12"><span class='ocrx_word' id='word_1_127' title='bbox 329 1112 562 1152; x_wconf 89' lang='lat' dir='ltr'>iuramento</span> <span class='ocrx_word' id='word_1_128' title='bbox 594 1109 837 1164; x_wconf 82' lang='lat' dir='ltr'>promittere</span> <span class='ocrx_word' id='word_1_129' title='bbox 867 1109 978 1162; x_wconf 85' lang='lat' dir='ltr'>fecit,</span> <span class='ocrx_word' id='word_1_130' title='bbox 1009 1116 1055 1150; x_wconf 93' lang='lat' dir='ltr'>ut</span> <span class='ocrx_word' id='word_1_131' title='bbox 1085 1110 1119 1150; x_wconf 91' lang='lat' dir='ltr'>si</span> <span class='ocrx_word' id='word_1_132' title='bbox 1149 1123 1336 1150; x_wconf 88' lang='lat' dir='ltr'>sororem</span> <span class='ocrx_word' id='word_1_133' title='bbox 1367 1122 1500 1160; x_wconf 88' lang='lat' dir='ltr'>suam,</span> <span class='ocrx_word' id='word_1_134' title='bbox 1531 1107 1690 1149; x_wconf 85' lang='lat' dir='ltr'>scilicet</span> <span class='ocrx_word' id='word_1_135' title='bbox 1711 1105 1807 1148; x_wconf 79' lang='lat' dir='ltr'>Gris-</span> 
     </span>
     <span class='ocr_line' id='line_1_21' title="bbox 328 1161 1806 1220; baseline -0.003 -12"><span class='ocrx_word' id='word_1_136' title='bbox 328 1166 477 1208; x_wconf 89' lang='lat' dir='ltr'>leberti</span> <span class='ocrx_word' id='word_1_137' title='bbox 504 1179 694 1217; x_wconf 84' lang='lat' dir='ltr'>uxorem,</span> <span class='ocrx_word' id='word_1_138' title='bbox 730 1164 884 1205; x_wconf 87' lang='lat' dir='ltr'>habere</span> <span class='ocrx_word' id='word_1_139' title='bbox 914 1171 1069 1220; x_wconf 87' lang='lat' dir='ltr'>posset,</span> <span class='ocrx_word' id='word_1_140' title='bbox 1111 1178 1203 1206; x_wconf 88' lang='lat' dir='ltr'>eam</span> <span class='ocrx_word' id='word_1_141' title='bbox 1242 1164 1301 1204; x_wconf 87' lang='lat' dir='ltr'>illi</span> <span class='ocrx_word' id='word_1_142' title='bbox 1337 1164 1531 1219; x_wconf 90' lang='lat' dir='ltr'>coniugio</span> <span class='ocrx_word' id='word_1_143' title='bbox 1569 1161 1806 1218; x_wconf 82' lang='lat' dir='ltr'>copularet3</span> 
     </span>
     <span class='ocr_line' id='line_1_22' title="bbox 332 1218 1807 1278; baseline -0.003 -15"><span class='ocrx_word' id='word_1_144' title='bbox 332 1221 445 1278; x_wconf 90' lang='lat' dir='ltr'>quod</span> <span class='ocrx_word' id='word_1_145' title='bbox 477 1221 511 1261; x_wconf 87' lang='lat' dir='ltr'>si</span> <span class='ocrx_word' id='word_1_146' title='bbox 540 1220 678 1260; x_wconf 87' lang='lat' dir='ltr'>minus</span> <span class='ocrx_word' id='word_1_147' title='bbox 708 1219 966 1274; x_wconf 83' lang='lat' dir='ltr'>procederet,</span> <span class='ocrx_word' id='word_1_148' title='bbox 995 1220 1128 1275; x_wconf 89' lang='lat' dir='ltr'>ipsius</span> <span class='ocrx_word' id='word_1_149' title='bbox 1161 1219 1387 1261; x_wconf 83' lang='lat' dir='ltr'>Gisleberti</span> <span class='ocrx_word' id='word_1_150' title='bbox 1417 1234 1471 1261; x_wconf 84' lang='lat' dir='ltr'>ex</span> <span class='ocrx_word' id='word_1_151' title='bbox 1497 1218 1644 1260; x_wconf 87' lang='lat' dir='ltr'>eadem</span> <span class='ocrx_word' id='word_1_152' title='bbox 1665 1232 1807 1259; x_wconf 89' lang='lat' dir='ltr'>sorore</span> 
     </span>
     <span class='ocr_line' id='line_1_23' title="bbox 329 1273 1808 1332; baseline -0.003 -14"><span class='ocrx_word' id='word_1_153' title='bbox 329 1277 527 1332; x_wconf 86' lang='lat' dir='ltr'>genitam,</span> <span class='ocrx_word' id='word_1_154' title='bbox 560 1289 684 1329; x_wconf 88' lang='lat' dir='ltr'>quam</span> <span class='ocrx_word' id='word_1_155' title='bbox 715 1289 871 1330; x_wconf 89' lang='lat' dir='ltr'>poenes</span> <span class='ocrx_word' id='word_1_156' title='bbox 902 1290 948 1316; x_wconf 90' lang='grc'>56</span> <span class='ocrx_word' id='word_1_157' title='bbox 980 1275 1196 1327; x_wconf 89' lang='lat' dir='ltr'>habuerat,</span> <span class='ocrx_word' id='word_1_158' title='bbox 1225 1276 1311 1316; x_wconf 90' lang='lat' dir='ltr'>fere</span> <span class='ocrx_word' id='word_1_159' title='bbox 1340 1276 1424 1316; x_wconf 90' lang='lat' dir='ltr'>iam</span> <span class='ocrx_word' id='word_1_160' title='bbox 1453 1273 1652 1327; x_wconf 88' lang='lat' dir='ltr'>nubilem,</span> <span class='ocrx_word' id='word_1_161' title='bbox 1684 1273 1808 1314; x_wconf 89' lang='lat' dir='ltr'>mari-</span> 
     </span>
     <span class='ocr_line' id='line_1_24' title="bbox 329 1329 1808 1384; baseline -0.003 -11"><span class='ocrx_word' id='word_1_162' title='bbox 329 1331 402 1374; x_wconf 86' lang='lat' dir='ltr'>tali</span> <span class='ocrx_word' id='word_1_163' title='bbox 433 1331 470 1372; x_wconf 90' lang='lat' dir='ltr'>ei</span> <span class='ocrx_word' id='word_1_164' title='bbox 501 1330 697 1384; x_wconf 88' lang='lat' dir='ltr'>coniugio</span> <span class='ocrx_word' id='word_1_165' title='bbox 728 1329 922 1372; x_wconf 88' lang='lat' dir='ltr'>traderet.</span> <span class='ocrx_word' id='word_1_166' title='bbox 984 1330 1077 1382; x_wconf 81' lang='lat' dir='ltr'>Quo</span> <span class='ocrx_word' id='word_1_167' title='bbox 1103 1330 1259 1383; x_wconf 90' lang='lat' dir='ltr'>audito,</span> <span class='ocrx_word' id='word_1_168' title='bbox 1289 1330 1513 1371; x_wconf 87' lang='lat' dir='ltr'>Bertaldus</span> <span class='ocrx_word' id='word_1_169' title='bbox 1535 1331 1724 1370; x_wconf 87' lang='lat' dir='ltr'>inmenso</span> <span class='ocrx_word' id='word_1_170' title='bbox 1746 1334 1808 1370; x_wconf 88' lang='lat' dir='ltr'>est</span> 
     </span>
     <span class='ocr_line' id='line_1_25' title="bbox 331 1383 1808 1443; baseline -0.002 -15"><span class='ocrx_word' id='word_1_171' title='bbox 331 1386 486 1443; x_wconf 87' lang='lat' dir='ltr'>gaudio</span> <span class='ocrx_word' id='word_1_172' title='bbox 531 1386 726 1437; x_wconf 72' lang='lat' dir='ltr'>affectus3</span> <span class='ocrx_word' id='word_1_173' title='bbox 780 1384 987 1440; x_wconf 84' lang='lat' dir='ltr'>elegitque</span> <span class='ocrx_word' id='word_1_174' title='bbox 1031 1386 1171 1440; x_wconf 87' lang='lat' dir='ltr'>potius</span> <span class='ocrx_word' id='word_1_175' title='bbox 1215 1385 1401 1426; x_wconf 89' lang='lat' dir='ltr'>nondum</span> <span class='ocrx_word' id='word_1_176' title='bbox 1445 1384 1633 1426; x_wconf 89' lang='lat' dir='ltr'>nubilem</span> <span class='ocrx_word' id='word_1_177' title='bbox 1677 1383 1808 1425; x_wconf 89' lang='lat' dir='ltr'>filiam</span> 
     </span>
     <span class='ocr_line' id='line_1_26' title="bbox 332 1439 1651 1497; baseline -0.003 -13"><span class='ocrx_word' id='word_1_178' title='bbox 332 1450 570 1497; x_wconf 78' lang='lat' dir='ltr'>expectare,</span> <span class='ocrx_word' id='word_1_179' title='bbox 601 1455 727 1495; x_wconf 87' lang='lat' dir='ltr'>quam</span> <span class='ocrx_word' id='word_1_180' title='bbox 757 1448 946 1492; x_wconf 88' lang='lat' dir='ltr'>matrem,</span> <span class='ocrx_word' id='word_1_181' title='bbox 977 1455 1083 1496; x_wconf 89' lang='lat' dir='ltr'>quae</span> <span class='ocrx_word' id='word_1_182' title='bbox 1114 1442 1197 1480; x_wconf 89' lang='lat' dir='ltr'>iam</span> <span class='ocrx_word' id='word_1_183' title='bbox 1228 1446 1442 1496; x_wconf 87' lang='lat' dir='ltr'>nupserat,</span> <span class='ocrx_word' id='word_1_184' title='bbox 1471 1439 1613 1481; x_wconf 90' lang='lat' dir='ltr'>tollere</span> <span class='ocrx_word' id='word_1_185' title='bbox 1625 1447 1651 1480; x_wconf 85' lang='lat'>².</span> 
     </span>
    </p>

    <p class='ocr_par' dir='ltr' id='par_1_8' title="bbox 332 1494 1814 2216">
     <span class='ocr_line' id='line_1_27' title="bbox 443 1494 1810 1551; baseline -0.003 -13"><span class='ocrx_word' id='word_1_186' title='bbox 443 1497 508 1538; x_wconf 73' lang='lat'>32.</span> <span class='ocrx_word' id='word_1_187' title='bbox 567 1495 810 1537; x_wconf 82' lang='lat' dir='ltr'>Fridericus</span> <span class='ocrx_word' id='word_1_188' title='bbox 845 1497 1026 1551; x_wconf 88' lang='lat' dir='ltr'>denique</span> <span class='ocrx_word' id='word_1_189' title='bbox 1063 1496 1426 1550; x_wconf 85' lang='lat' dir='ltr'>Magonciacensis</span> <span class='ocrx_word' id='word_1_190' title='bbox 1466 1494 1640 1536; x_wconf 88' lang='lat' dir='ltr'>eclesiae</span> <span class='ocrx_word' id='word_1_191' title='bbox 1677 1494 1810 1535; x_wconf 86' lang='lat' dir='ltr'>archi-</span> 
     </span>
     <span class='ocr_line' id='line_1_28' title="bbox 335 1548 1810 1609; baseline -0.003 -16"><span class='ocrx_word' id='word_1_192' title='bbox 335 1554 571 1609; x_wconf 67' lang='lat' dir='ltr'>episcopus,</span> <span class='ocrx_word' id='word_1_193' title='bbox 603 1551 722 1592; x_wconf 89' lang='lat' dir='ltr'>cuius</span> <span class='ocrx_word' id='word_1_194' title='bbox 755 1550 926 1592; x_wconf 86' lang='lat' dir='ltr'>consilio</span> <span class='ocrx_word' id='word_1_195' title='bbox 966 1552 1262 1607; x_wconf 88' lang='lat' dir='ltr'>episcoporum</span> <span class='ocrx_word' id='word_1_196' title='bbox 1300 1549 1489 1592; x_wconf 84' lang='lat' dir='ltr'>nonnulli</span> <span class='ocrx_word' id='word_1_197' title='bbox 1518 1565 1660 1605; x_wconf 90' lang='lat' dir='ltr'>regem</span> <span class='ocrx_word' id='word_1_198' title='bbox 1691 1548 1810 1590; x_wconf 87' lang='lat' dir='ltr'>dimi-</span> 
     </span>
     <span class='ocr_line' id='line_1_29' title="bbox 333 1605 1812 1662; baseline -0.003 -13"><span class='ocrx_word' id='word_1_199' title='bbox 333 1614 483 1659; x_wconf 82' lang='lat' dir='ltr'>serant,</span> <span class='ocrx_word' id='word_1_200' title='bbox 515 1614 561 1648; x_wconf 93' lang='lat' dir='ltr'>ut</span> <span class='ocrx_word' id='word_1_201' title='bbox 591 1620 717 1662; x_wconf 87' lang='lat' dir='ltr'>quam</span> <span class='ocrx_word' id='word_1_202' title='bbox 748 1605 906 1648; x_wconf 86' lang='lat' dir='ltr'>occulte</span> <span class='ocrx_word' id='word_1_203' title='bbox 935 1606 1128 1662; x_wconf 85' lang='lat' dir='ltr'>gestabat</span> <span class='ocrx_word' id='word_1_204' title='bbox 1156 1607 1239 1647; x_wconf 91' lang='lat' dir='ltr'>iam</span> <span class='ocrx_word' id='word_1_205' title='bbox 1269 1606 1493 1648; x_wconf 85' lang='lat' dir='ltr'>infidelitas</span> <span class='ocrx_word' id='word_1_206' title='bbox 1514 1605 1674 1647; x_wconf 88' lang='lat' dir='ltr'>cunctis</span> <span class='ocrx_word' id='word_1_207' title='bbox 1694 1606 1812 1660; x_wconf 77' lang='lat' dir='ltr'>pate-</span> 
     </span>
     <span class='ocr_line' id='line_1_30' title="bbox 333 1661 1812 1717; baseline -0.002 -13"><span class='ocrx_word' id='word_1_208' title='bbox 333 1670 407 1717; x_wconf 88' lang='lat' dir='ltr'>ret,</span> <span class='ocrx_word' id='word_1_209' title='bbox 456 1662 602 1704; x_wconf 90' lang='lat' dir='ltr'>decem</span> <span class='ocrx_word' id='word_1_210' title='bbox 651 1662 781 1703; x_wconf 88' lang='lat' dir='ltr'>ferme</span> <span class='ocrx_word' id='word_1_211' title='bbox 831 1669 926 1703; x_wconf 87' lang='lat' dir='ltr'>ante</span> <span class='ocrx_word' id='word_1_212' title='bbox 970 1663 1357 1717; x_wconf 86' lang='lat' dir='ltr'>prenominatorum</span> <span class='ocrx_word' id='word_1_213' title='bbox 1402 1661 1550 1703; x_wconf 90' lang='lat' dir='ltr'>diebus</span> <span class='ocrx_word' id='word_1_214' title='bbox 1597 1661 1812 1702; x_wconf 86' lang='lat' dir='ltr'>interitum</span> 
     </span>
     <span class='ocr_line' id='line_1_31' title="bbox 333 1715 1812 1774; baseline -0.003 -14"><span class='ocrx_word' id='word_1_215' title='bbox 333 1733 476 1774; x_wconf 89' lang='lat' dir='ltr'>regem</span> <span class='ocrx_word' id='word_1_216' title='bbox 507 1718 703 1770; x_wconf 87' lang='lat' dir='ltr'>deseruit,</span> <span class='ocrx_word' id='word_1_217' title='bbox 732 1731 780 1758; x_wconf 89' lang='lat' dir='ltr'>ac</span> <span class='ocrx_word' id='word_1_218' title='bbox 810 1718 1077 1771; x_wconf 82' lang='lat' dir='ltr'>Magonciam</span> <span class='ocrx_word' id='word_1_219' title='bbox 1108 1718 1298 1759; x_wconf 88' lang='lat' dir='ltr'>concitus</span> <span class='ocrx_word' id='word_1_220' title='bbox 1327 1718 1459 1770; x_wconf 72' lang='lat' dir='ltr'>venit,</span> <span class='ocrx_word' id='word_1_221' title='bbox 1497 1719 1540 1758; x_wconf 93' lang='lat' dir='ltr'>in</span> <span class='ocrx_word' id='word_1_222' title='bbox 1570 1730 1653 1772; x_wconf 86' lang='lat' dir='ltr'>qua</span> <span class='ocrx_word' id='word_1_223' title='bbox 1681 1715 1812 1757; x_wconf 89' lang='lat' dir='ltr'>nichil</span> 
     </span>
     <span class='ocr_line' id='line_1_32' title="bbox 333 1771 1812 1827; baseline -0.001 -13"><span class='ocrx_word' id='word_1_224' title='bbox 333 1780 532 1825; x_wconf 88' lang='lat' dir='ltr'>moratus,</span> <span class='ocrx_word' id='word_1_225' title='bbox 577 1774 808 1814; x_wconf 84' lang='lat' dir='ltr'>Metensem</span> <span class='ocrx_word' id='word_1_226' title='bbox 843 1773 990 1814; x_wconf 91' lang='lat' dir='ltr'>urbem</span> <span class='ocrx_word' id='word_1_227' title='bbox 1028 1773 1149 1814; x_wconf 75' lang='lat' dir='ltr'>adit-³.</span> <span class='ocrx_word' id='word_1_228' title='bbox 1222 1773 1503 1827; x_wconf 84' lang='lat' dir='ltr'>Disposuerat</span> <span class='ocrx_word' id='word_1_229' title='bbox 1546 1772 1657 1814; x_wconf 89' lang='lat' dir='ltr'>enim</span> <span class='ocrx_word' id='word_1_230' title='bbox 1701 1771 1812 1826; x_wconf 88' lang='lat' dir='ltr'>regis</span> 
     </span>
     <span class='ocr_line' id='line_1_33' title="bbox 332 1826 1811 1883; baseline -0.001 -14"><span class='ocrx_word' id='word_1_231' title='bbox 332 1829 459 1871; x_wconf 86' lang='lat' dir='ltr'>frater</span> <span class='ocrx_word' id='word_1_232' title='bbox 497 1829 737 1880; x_wconf 85' lang='lat' dir='ltr'>Heinricus,</span> <span class='ocrx_word' id='word_1_233' title='bbox 782 1828 1054 1870; x_wconf 84' lang='lat' dir='ltr'>redeuntibus</span> <span class='ocrx_word' id='word_1_234' title='bbox 1097 1829 1345 1870; x_wconf 86' lang='lat' dir='ltr'>Heverardo</span> <span class='ocrx_word' id='word_1_235' title='bbox 1388 1835 1514 1883; x_wconf 85' lang='lat' dir='ltr'>atque</span> <span class='ocrx_word' id='word_1_236' title='bbox 1561 1826 1811 1880; x_wconf 84' lang='lat' dir='ltr'>Gisleberto,</span> 
     </span>
     <span class='ocr_line' id='line_1_34' title="bbox 335 1882 1811 1939; baseline -0.001 -13"><span class='ocrx_word' id='word_1_237' title='bbox 335 1899 429 1926; x_wconf 91' lang='lat' dir='ltr'>cum</span> <span class='ocrx_word' id='word_1_238' title='bbox 474 1884 622 1926; x_wconf 90' lang='lat' dir='ltr'>eodem</span> <span class='ocrx_word' id='word_1_239' title='bbox 665 1883 881 1924; x_wconf 84' lang='lat' dir='ltr'>Friderico</span> <span class='ocrx_word' id='word_1_240' title='bbox 924 1883 1047 1924; x_wconf 88' lang='lat' dir='ltr'>isthic</span> <span class='ocrx_word' id='word_1_241' title='bbox 1091 1884 1323 1925; x_wconf 80' lang='lat' dir='ltr'>exercitum</span> <span class='ocrx_word' id='word_1_242' title='bbox 1356 1897 1624 1939; x_wconf 87' lang='lat' dir='ltr'>congregare,</span> <span class='ocrx_word' id='word_1_243' title='bbox 1668 1882 1811 1937; x_wconf 89' lang='lat' dir='ltr'>sicque</span> 
     </span>
     <span class='ocr_line' id='line_1_35' title="bbox 335 1938 1813 1995; baseline -0.001 -15"><span class='ocrx_word' id='word_1_244' title='bbox 335 1941 424 1995; x_wconf 89' lang='lat' dir='ltr'>regi</span> <span class='ocrx_word' id='word_1_245' title='bbox 445 1940 487 1980; x_wconf 89' lang='lat' dir='ltr'>in</span> <span class='ocrx_word' id='word_1_246' title='bbox 508 1939 669 1980; x_wconf 87' lang='lat' dir='ltr'>Alsatia</span> <span class='ocrx_word' id='word_1_247' title='bbox 690 1939 859 1994; x_wconf 85' lang='lat' dir='ltr'>degenti</span> <span class='ocrx_word' id='word_1_248' title='bbox 879 1938 1036 1980; x_wconf 88' lang='lat' dir='ltr'>bellum</span> <span class='ocrx_word' id='word_1_249' title='bbox 1057 1940 1290 1980; x_wconf 79' lang='lat' dir='ltr'>maximum</span> <span class='ocrx_word' id='word_1_250' title='bbox 1311 1939 1577 1995; x_wconf 74' lang='lat' dir='ltr'>preparareb.</span> <span class='ocrx_word' id='word_1_251' title='bbox 1619 1938 1813 1992; x_wconf 85' lang='lat' dir='ltr'>Cumque</span> 
     </span>
     <span class='ocr_line' id='line_1_36' title="bbox 333 1994 1814 2051; baseline -0.001 -15"><span class='ocrx_word' id='word_1_252' title='bbox 333 1994 402 2036; x_wconf 80' lang='lat' dir='ltr'>illo</span> <span class='ocrx_word' id='word_1_253' title='bbox 433 1995 693 2051; x_wconf 79' lang='lat' dir='ltr'>pervenisset</span> <span class='ocrx_word' id='word_1_254' title='bbox 730 1995 968 2035; x_wconf 87' lang='lat' dir='ltr'>nominatus</span> <span class='ocrx_word' id='word_1_255' title='bbox 1004 1994 1360 2050; x_wconf 89' lang='lat' dir='ltr'>archiepiscopus,</span> <span class='ocrx_word' id='word_1_256' title='bbox 1403 1995 1612 2049; x_wconf 90' lang='lat' dir='ltr'>insperate</span> <span class='ocrx_word' id='word_1_257' title='bbox 1650 2000 1690 2035; x_wconf 92' lang='grc'>61</span> <span class='ocrx_word' id='word_1_258' title='bbox 1727 2007 1814 2034; x_wconf 87' lang='grc'>11011</span> 
     </span>
     <span class='ocr_line' id='line_1_37' title="bbox 337 2048 1813 2106; baseline -0.002 -15"><span class='ocrx_word' id='word_1_259' title='bbox 337 2057 542 2106; x_wconf 87' lang='lat' dir='ltr'>oportune</span> <span class='ocrx_word' id='word_1_260' title='bbox 581 2050 716 2091; x_wconf 90' lang='lat' dir='ltr'>nuntii</span> <span class='ocrx_word' id='word_1_261' title='bbox 754 2050 792 2091; x_wconf 92' lang='lat' dir='ltr'>ei</span> <span class='ocrx_word' id='word_1_262' title='bbox 831 2058 1067 2101; x_wconf 87' lang='lat' dir='ltr'>occurrunt,</span> <span class='ocrx_word' id='word_1_263' title='bbox 1103 2051 1175 2105; x_wconf 89' lang='lat' dir='ltr'>qui</span> <span class='ocrx_word' id='word_1_264' title='bbox 1215 2051 1299 2090; x_wconf 88' lang='lat' dir='ltr'>iam</span> <span class='ocrx_word' id='word_1_265' title='bbox 1337 2049 1566 2106; x_wconf 87' lang='lat' dir='ltr'>prelibatos</span> <span class='ocrx_word' id='word_1_266' title='bbox 1602 2048 1813 2104; x_wconf 86' lang='lat' dir='ltr'>principes</span> 
     </span>
     <span class='ocr_line' id='line_1_38' title="bbox 335 2104 1812 2158; baseline -0.002 -11"><span class='ocrx_word' id='word_1_267' title='bbox 335 2114 467 2147; x_wconf 89' lang='lat' dir='ltr'>morte</span> <span class='ocrx_word' id='word_1_268' title='bbox 506 2104 790 2147; x_wconf 86' lang='lat' dir='ltr'>intercedente</span> <span class='ocrx_word' id='word_1_269' title='bbox 828 2119 913 2146; x_wconf 90' lang='lat' dir='ltr'>non</span> <span class='ocrx_word' id='word_1_270' title='bbox 955 2105 1099 2146; x_wconf 82' lang='lat' dir='ltr'>vivere</span> <span class='ocrx_word' id='word_1_271' title='bbox 1143 2105 1299 2146; x_wconf 85' lang='lat' dir='ltr'>dicunt.</span> <span class='ocrx_word' id='word_1_272' title='bbox 1360 2106 1455 2157; x_wconf 78' lang='lat' dir='ltr'>Quo</span> <span class='ocrx_word' id='word_1_273' title='bbox 1485 2104 1641 2158; x_wconf 80' lang='lat' dir='ltr'>audito,</span> <span class='ocrx_word' id='word_1_274' title='bbox 1672 2105 1812 2146; x_wconf 81' lang='lat' dir='ltr'>animo</span> 
     </span>
     <span class='ocr_line' id='line_1_39' title="bbox 338 2160 1415 2216; baseline -0.001 -14"><span class='ocrx_word' id='word_1_275' title='bbox 338 2168 639 2213; x_wconf 84' lang='lat' dir='ltr'>consternatus,</span> <span class='ocrx_word' id='word_1_276' title='bbox 671 2161 772 2216; x_wconf 88' lang='lat' dir='ltr'>quid</span> <span class='ocrx_word' id='word_1_277' title='bbox 800 2160 958 2201; x_wconf 85' lang='lat' dir='ltr'>faceret</span> <span class='ocrx_word' id='word_1_278' title='bbox 987 2161 1152 2215; x_wconf 89' lang='lat' dir='ltr'>penitus</span> <span class='ocrx_word' id='word_1_279' title='bbox 1182 2161 1415 2216; x_wconf 84' lang='lat' dir='ltr'>ignorabat.</span> 
     </span>
    </p>

    <p class='ocr_par' dir='ltr' id='par_1_9' title="bbox 336 2215 1813 2493">
     <span class='ocr_line' id='line_1_40' title="bbox 449 2215 1813 2269; baseline -0.002 -11"><span class='ocrx_word' id='word_1_280' title='bbox 449 2217 513 2258; x_wconf 81' lang='lat'>33.</span> <span class='ocrx_word' id='word_1_281' title='bbox 572 2217 665 2257; x_wconf 86' lang='lat' dir='ltr'>Rex</span> <span class='ocrx_word' id='word_1_282' title='bbox 694 2217 853 2258; x_wconf 89' lang='lat' dir='ltr'>interea</span> <span class='ocrx_word' id='word_1_283' title='bbox 882 2215 1087 2257; x_wconf 88' lang='lat' dir='ltr'>Alsatiam</span> <span class='ocrx_word' id='word_1_284' title='bbox 1127 2216 1337 2268; x_wconf 83' lang='lat' dir='ltr'>deserens,</span> <span class='ocrx_word' id='word_1_285' title='bbox 1374 2216 1598 2256; x_wconf 87' lang='lat' dir='ltr'>Franciam</span> <span class='ocrx_word' id='word_1_286' title='bbox 1635 2228 1813 2269; x_wconf 88' lang='lat' dir='ltr'>occupa-</span> 
     </span>
     <span class='ocr_line' id='line_1_41' title="bbox 336 2269 1812 2325; baseline -0.003 -12"><span class='ocrx_word' id='word_1_287' title='bbox 336 2271 446 2313; x_wconf 68' lang='lat' dir='ltr'>batc.</span> <span class='ocrx_word' id='word_1_288' title='bbox 506 2271 639 2313; x_wconf 80' lang='lat' dir='ltr'>Cuius</span> <span class='ocrx_word' id='word_1_289' title='bbox 671 2270 722 2312; x_wconf 93' lang='lat' dir='ltr'>ob</span> <span class='ocrx_word' id='word_1_290' title='bbox 755 2278 912 2312; x_wconf 87' lang='lat' dir='ltr'>metum</span> <span class='ocrx_word' id='word_1_291' title='bbox 951 2271 1201 2325; x_wconf 87' lang='lat' dir='ltr'>Magonciae</span> <span class='ocrx_word' id='word_1_292' title='bbox 1242 2273 1354 2313; x_wconf 82' lang='lat' dir='ltr'>cives</span> <span class='ocrx_word' id='word_1_293' title='bbox 1395 2270 1641 2312; x_wconf 87' lang='lat' dir='ltr'>redeuntem</span> <span class='ocrx_word' id='word_1_294' title='bbox 1680 2269 1812 2310; x_wconf 84' lang='lat' dir='ltr'>archi-</span> 
     </span>
     <span class='ocr_line' id='line_1_42' title="bbox 337 2324 1813 2383; baseline -0.003 -14"><span class='ocrx_word' id='word_1_295' title='bbox 337 2328 585 2383; x_wconf 90' lang='lat' dir='ltr'>episcopum</span> <span class='ocrx_word' id='word_1_296' title='bbox 615 2328 723 2368; x_wconf 87' lang='lat' dir='ltr'>intra</span> <span class='ocrx_word' id='word_1_297' title='bbox 753 2327 867 2368; x_wconf 88' lang='lat' dir='ltr'>urbis</span> <span class='ocrx_word' id='word_1_298' title='bbox 898 2328 1064 2368; x_wconf 88' lang='lat' dir='ltr'>moenia</span> <span class='ocrx_word' id='word_1_299' title='bbox 1092 2341 1176 2368; x_wconf 91' lang='lat' dir='ltr'>non</span> <span class='ocrx_word' id='word_1_300' title='bbox 1207 2327 1451 2382; x_wconf 89' lang='lat' dir='ltr'>suscipiunt.</span> <span class='ocrx_word' id='word_1_301' title='bbox 1509 2325 1633 2367; x_wconf 90' lang='lat' dir='ltr'>Unde</span> <span class='ocrx_word' id='word_1_302' title='bbox 1653 2324 1813 2366; x_wconf 87' lang='lat' dir='ltr'>factum</span> 
     </span>
     <span class='ocr_line' id='line_1_43' title="bbox 338 2380 1813 2437; baseline -0.002 -14"><span class='ocrx_word' id='word_1_303' title='bbox 338 2390 411 2436; x_wconf 87' lang='lat' dir='ltr'>est,</span> <span class='ocrx_word' id='word_1_304' title='bbox 443 2389 489 2423; x_wconf 86' lang='lat' dir='ltr'>ut</span> <span class='ocrx_word' id='word_1_305' title='bbox 516 2397 601 2423; x_wconf 92' lang='lat' dir='ltr'>non</span> <span class='ocrx_word' id='word_1_306' title='bbox 631 2383 761 2423; x_wconf 88' lang='lat' dir='ltr'>multo</span> <span class='ocrx_word' id='word_1_307' title='bbox 790 2388 884 2437; x_wconf 90' lang='lat' dir='ltr'>post</span> <span class='ocrx_word' id='word_1_308' title='bbox 914 2396 939 2421; x_wconf 91' lang='lat' dir='ltr'>a</span> <span class='ocrx_word' id='word_1_309' title='bbox 966 2384 1078 2436; x_wconf 86' lang='lat' dir='ltr'>regis</span> <span class='ocrx_word' id='word_1_310' title='bbox 1109 2381 1305 2423; x_wconf 87' lang='lat' dir='ltr'>fidelibus</span> <span class='ocrx_word' id='word_1_311' title='bbox 1345 2388 1505 2437; x_wconf 87' lang='lat' dir='ltr'>captus,</span> <span class='ocrx_word' id='word_1_312' title='bbox 1545 2387 1585 2422; x_wconf 89' lang='lat' dir='ltr'>et</span> <span class='ocrx_word' id='word_1_313' title='bbox 1623 2386 1718 2421; x_wconf 90' lang='lat' dir='ltr'>ante</span> <span class='ocrx_word' id='word_1_314' title='bbox 1749 2380 1813 2421; x_wconf 82' lang='lat' dir='ltr'>sui</span> 
     </span>
     <span class='ocr_line' id='line_1_44' title="bbox 337 2435 1813 2493; baseline -0.003 -14"><span class='ocrx_word' id='word_1_315' title='bbox 337 2438 590 2493; x_wconf 87' lang='lat' dir='ltr'>presentiam</span> <span class='ocrx_word' id='word_1_316' title='bbox 620 2437 839 2490; x_wconf 86' lang='lat' dir='ltr'>adductus,</span> <span class='ocrx_word' id='word_1_317' title='bbox 872 2436 1084 2478; x_wconf 88' lang='lat' dir='ltr'>custodiae</span> <span class='ocrx_word' id='word_1_318' title='bbox 1116 2438 1168 2478; x_wconf 91' lang='lat' dir='ltr'>sit</span> <span class='ocrx_word' id='word_1_319' title='bbox 1196 2438 1239 2477; x_wconf 89' lang='lat' dir='ltr'>in</span> <span class='ocrx_word' id='word_1_320' title='bbox 1271 2437 1457 2478; x_wconf 72' lang='lat' dir='ltr'>saxonia</span> <span class='ocrx_word' id='word_1_321' title='bbox 1485 2436 1663 2478; x_wconf 89' lang='lat' dir='ltr'>traditus</span> <span class='ocrx_word' id='word_1_322' title='bbox 1676 2442 1705 2476; x_wconf 79' lang='lat'>⁴.</span> <span class='ocrx_word' id='word_1_323' title='bbox 1762 2435 1813 2476; x_wconf 87' lang='lat' dir='ltr'>In</span> 
     </span>
    </p>
   </div>
   <div class='ocr_carea' id='block_1_7' title="bbox 338 2542 1233 2578">
    <p class='ocr_par' dir='ltr' id='par_1_10' title="bbox 338 2542 1233 2578">
     <span class='ocr_line' id='line_1_45' title="bbox 338 2542 1233 2578; baseline -0.002 -7"><span class='ocrx_word' id='word_1_324' title='bbox 338 2545 367 2578; x_wconf 87' lang='lat' dir='ltr'>a)</span> <span class='ocrx_word' id='word_1_325' title='bbox 392 2546 521 2577; x_wconf 79' lang='lat' dir='ltr'>coiugali</span> <span class='ocrx_word' id='word_1_326' title='bbox 546 2548 569 2570; x_wconf 93' lang='lat'>1.</span> <span class='ocrx_word' id='word_1_327' title='bbox 652 2544 682 2577; x_wconf 87' lang='lat' dir='ltr'>b)</span> <span class='ocrx_word' id='word_1_328' title='bbox 705 2551 835 2577; x_wconf 82' lang='lat' dir='ltr'>prepare</span> <span class='ocrx_word' id='word_1_329' title='bbox 859 2546 881 2571; x_wconf 90' lang='lat'>1.</span> <span class='ocrx_word' id='word_1_330' title='bbox 964 2542 990 2576; x_wconf 88' lang='lat' dir='ltr'>c)</span> <span class='ocrx_word' id='word_1_331' title='bbox 1015 2545 1183 2570; x_wconf 78' lang='lat' dir='ltr'>occubabat</span> <span class='ocrx_word' id='word_1_332' title='bbox 1207 2547 1233 2569; x_wconf 93' lang='grc'>1.</span> 
     </span>
    </p>
   </div>
   <div class='ocr_carea' id='block_1_8' title="bbox 338 2639 1815 2832">
    <p class='ocr_par' dir='ltr' id='par_1_11' title="bbox 338 2639 1815 2832">
     <span class='ocr_line' id='line_1_46' title="bbox 342 2639 1814 2687; baseline -0.003 -10"><span class='ocrx_word' id='word_1_333' title='bbox 342 2645 377 2687; x_wconf 89' lang='grc'>1)</span> <span class='ocrx_word' id='word_1_334' title='bbox 396 2645 553 2682; x_wconf 57' lang='grc' dir='ltr'>1111111110Ἴ</span> <span class='ocrx_word' id='word_1_335' title='bbox 576 2644 657 2677; x_wconf 86' lang='lat' dir='ltr'>filiis</span> <span class='ocrx_word' id='word_1_336' title='bbox 684 2646 758 2677; x_wconf 87' lang='lat' dir='ltr'>eius</span> <span class='ocrx_word' id='word_1_337' title='bbox 778 2644 936 2684; x_wconf 86' lang='lat' dir='ltr'>deiectis,</span> <span class='ocrx_word' id='word_1_338' title='bbox 964 2654 1053 2675; x_wconf 88' lang='lat' dir='ltr'>anno</span> <span class='ocrx_word' id='word_1_339' title='bbox 1074 2642 1141 2675; x_wconf 86' lang='lat'>938</span> <span class='ocrx_word' id='word_1_340' title='bbox 1161 2644 1197 2675; x_wconf 90' lang='lat' dir='ltr'>in</span> <span class='ocrx_word' id='word_1_341' title='bbox 1217 2642 1347 2675; x_wconf 86' lang='lat' dir='ltr'>ducatu</span> <span class='ocrx_word' id='word_1_342' title='bbox 1365 2646 1594 2676; x_wconf 84' lang='lat' dir='ltr'>successerat.</span> <span class='ocrx_word' id='word_1_343' title='bbox 1673 2639 1710 2684; x_wconf 83' lang='lat'>2)</span> <span class='ocrx_word' id='word_1_344' title='bbox 1730 2642 1814 2674; x_wconf 87' lang='lat' dir='ltr'>Ber—</span> 
     </span>
     <span class='ocr_line' id='line_1_47' title="bbox 338 2690 1815 2736; baseline -0.001 -12"><span class='ocrx_word' id='word_1_345' title='bbox 338 2693 454 2726; x_wconf 77' lang='lat' dir='ltr'>taldus</span> <span class='ocrx_word' id='word_1_346' title='bbox 481 2697 604 2736; x_wconf 82' lang='lat' dir='ltr'>postea</span> <span class='ocrx_word' id='word_1_347' title='bbox 630 2693 735 2725; x_wconf 87' lang='lat' dir='ltr'>aliam</span> <span class='ocrx_word' id='word_1_348' title='bbox 764 2694 949 2734; x_wconf 86' lang='lat' dir='ltr'>coniugem</span> <span class='ocrx_word' id='word_1_349' title='bbox 972 2691 1223 2735; x_wconf 81' lang='lat' dir='ltr'>(Biletrudem)</span> <span class='ocrx_word' id='word_1_350' title='bbox 1252 2691 1391 2724; x_wconf 84' lang='lat' dir='ltr'>duxisse</span> <span class='ocrx_word' id='word_1_351' title='bbox 1417 2691 1566 2723; x_wconf 82' lang='lat' dir='ltr'>videtur.</span> <span class='ocrx_word' id='word_1_352' title='bbox 1649 2690 1686 2733; x_wconf 79' lang='lat'>3)</span> <span class='ocrx_word' id='word_1_353' title='bbox 1707 2690 1815 2723; x_wconf 87' lang='lat' dir='ltr'>Cuius</span> 
     </span>
     <span class='ocr_line' id='line_1_48' title="bbox 340 2738 1813 2785; baseline -0.001 -12"><span class='ocrx_word' id='word_1_354' title='bbox 340 2742 525 2785; x_wconf 87' lang='lat' dir='ltr'>episcopus</span> <span class='ocrx_word' id='word_1_355' title='bbox 551 2741 728 2774; x_wconf 86' lang='lat' dir='ltr'>Adalbero</span> <span class='ocrx_word' id='word_1_356' title='bbox 756 2742 876 2774; x_wconf 84' lang='lat' dir='ltr'>Ottoni</span> <span class='ocrx_word' id='word_1_357' title='bbox 902 2746 985 2773; x_wconf 84' lang='lat' dir='ltr'>tunc</span> <span class='ocrx_word' id='word_1_358' title='bbox 1011 2741 1272 2772; x_wconf 84' lang='lat' dir='ltr'>inimicissimus</span> <span class='ocrx_word' id='word_1_359' title='bbox 1301 2743 1387 2772; x_wconf 83' lang='lat' dir='ltr'>erat.</span> <span class='ocrx_word' id='word_1_360' title='bbox 1509 2738 1547 2781; x_wconf 76' lang='lat'>4)</span> <span class='ocrx_word' id='word_1_361' title='bbox 1574 2738 1813 2771; x_wconf 53' lang='lat' dir='ltr'>NVidukindus</span> 
     </span>
     <span class='ocr_line' id='line_1_49' title="bbox 339 2788 1389 2832; baseline -0.001 -11"><span class='ocrx_word' id='word_1_362' title='bbox 339 2790 393 2829; x_wconf 83' lang='grc' dir='ltr'>(ΙΙ</span> <span class='ocrx_word' id='word_1_363' title='bbox 422 2801 450 2822; x_wconf 87' lang='lat' dir='ltr'>c.</span> <span class='ocrx_word' id='word_1_364' title='bbox 479 2791 540 2831; x_wconf 74' lang='lat'>25)</span> <span class='ocrx_word' id='word_1_365' title='bbox 569 2800 645 2822; x_wconf 87' lang='lat' dir='ltr'>eum</span> <span class='ocrx_word' id='word_1_366' title='bbox 673 2790 917 2832; x_wconf 85' lang='lat' dir='ltr'>Hamburgum</span> <span class='ocrx_word' id='word_1_367' title='bbox 945 2789 1139 2831; x_wconf 85' lang='lat' dir='ltr'>relegatum</span> <span class='ocrx_word' id='word_1_368' title='bbox 1168 2799 1243 2821; x_wconf 86' lang='lat' dir='ltr'>esse</span> <span class='ocrx_word' id='word_1_369' title='bbox 1271 2788 1389 2820; x_wconf 81' lang='lat' dir='ltr'>refert.</span> 
     </span>
    </p>
   </div>
  </div>
 </body>
</html>
