<?xml version="1.0" encoding="UTF-8"?>
<!DOCTYPE html PUBLIC "-//W3C//DTD XHTML 1.0 Transitional//EN"
    "http://www.w3.org/TR/xhtml1/DTD/xhtml1-transitional.dtd">
<html xmlns="http://www.w3.org/1999/xhtml" xml:lang="en" lang="en">
 <head>
  <title>
</title>
<meta http-equiv="Content-Type" content="text/html;charset=utf-8" />
  <meta name='ocr-system' content='tesseract 3.04.00' />
  <meta name='ocr-capabilities' content='ocr_page ocr_carea ocr_par ocr_line ocrx_word'/>
</head>
<body>
  <div class='ocr_page' id='page_1' title='image "./operaomnia00liuduoft_0045.png"; bbox 0 0 1902 3200; ppageno 0'>
   <div class='ocr_carea' id='block_1_1' title="bbox 252 241 1537 285">
    <p class='ocr_par' dir='ltr' id='par_1_1' title="bbox 252 241 1537 285">
     <span class='ocr_line' id='line_1_1' title="bbox 252 241 1537 285; baseline 0 -9"><span class='ocrx_word' id='word_1_1' title='bbox 252 242 553 285; x_wconf 81' lang='lat' dir='ltr'>LIUDPRANDI</span> <span class='ocrx_word' id='word_1_2' title='bbox 581 241 923 274; x_wconf 80' lang='lat' dir='ltr'><strong>ANTAPODOSIS.</strong></span> <span class='ocrx_word' id='word_1_3' title='bbox 973 242 1066 275; x_wconf 87' lang='lat' dir='ltr'><strong>LIB.</strong></span> <span class='ocrx_word' id='word_1_4' title='bbox 1094 242 1122 275; x_wconf 87' lang='grc' dir='ltr'>Ι,</span> <span class='ocrx_word' id='word_1_5' title='bbox 1177 243 1330 276; x_wconf 73' lang='lat'>‘25-28.</span> <span class='ocrx_word' id='word_1_6' title='bbox 1496 247 1537 276; x_wconf 75' lang='lat'>17</span> 
     </span>
    </p>
   </div>
   <div class='ocr_carea' id='block_1_2' title="bbox 53 351 1538 2398">
    <p class='ocr_par' dir='ltr' id='par_1_2' title="bbox 56 351 1537 793">
     <span class='ocr_line' id='line_1_2' title="bbox 62 351 1535 407; baseline -0.001 -12"><span class='ocrx_word' id='word_1_7' title='bbox 62 353 258 395; x_wconf 81' lang='lat' dir='ltr'>dilatione</span> <span class='ocrx_word' id='word_1_8' title='bbox 289 354 440 394; x_wconf 89' lang='lat' dir='ltr'>acriter</span> <span class='ocrx_word' id='word_1_9' title='bbox 469 367 545 392; x_wconf 79' lang='lat' dir='ltr'>rex</span> <span class='ocrx_word' id='word_1_10' title='bbox 574 352 819 407; x_wconf 82' lang='lat' dir='ltr'><strong>insequitur,</strong></span> <span class='ocrx_word' id='word_1_11' title='bbox 862 351 987 392; x_wconf 84' lang='lat' dir='ltr'>urbes</span> <span class='ocrx_word' id='word_1_12' title='bbox 1019 359 1059 391; x_wconf 89' lang='lat' dir='ltr'>et</span> <span class='ocrx_word' id='word_1_13' title='bbox 1090 351 1257 392; x_wconf 84' lang='lat' dir='ltr'>castella</span> <span class='ocrx_word' id='word_1_14' title='bbox 1288 354 1428 393; x_wconf 83' lang='lat' dir='ltr'>onmia</span> <span class='ocrx_word' id='word_1_15' title='bbox 1457 354 1535 394; x_wconf 81' lang='lat' dir='ltr'>sibi</span> 
     </span>
     <span class='ocr_line' id='line_1_3' title="bbox 60 405 1534 460; baseline -0.003 -10"><span class='ocrx_word' id='word_1_16' title='bbox 60 409 295 450; x_wconf 82' lang='lat' dir='ltr'>resistentia</span> <span class='ocrx_word' id='word_1_17' title='bbox 333 409 376 448; x_wconf 76' lang='lat' dir='ltr'>vi</span> <span class='ocrx_word' id='word_1_18' title='bbox 414 406 640 449; x_wconf 76' lang='lat' dir='ltr'>debellans.</span> <span class='ocrx_word' id='word_1_19' title='bbox 709 406 882 447; x_wconf 88' lang='lat' dir='ltr'>Nullum</span> <span class='ocrx_word' id='word_1_20' title='bbox 927 405 1134 460; x_wconf 87' lang='lat' dir='ltr'>siquidem</span> <span class='ocrx_word' id='word_1_21' title='bbox 1178 406 1313 448; x_wconf 87' lang='lat' dir='ltr'>fuerat</span> <span class='ocrx_word' id='word_1_22' title='bbox 1355 415 1534 449; x_wconf 83' lang='lat' dir='ltr'>castrum</span> 
     </span>
     <span class='ocr_line' id='line_1_4' title="bbox 58 461 1537 518; baseline -0.001 -13"><span class='ocrx_word' id='word_1_23' title='bbox 58 470 208 505; x_wconf 88' lang='lat' dir='ltr'>natura</span> <span class='ocrx_word' id='word_1_24' title='bbox 237 464 362 504; x_wconf 87' lang='lat' dir='ltr'>etiam</span> <span class='ocrx_word' id='word_1_25' title='bbox 392 464 484 518; x_wconf 88' lang='lat' dir='ltr'>ipsa</span> <span class='ocrx_word' id='word_1_26' title='bbox 514 463 734 513; x_wconf 83' lang='lat' dir='ltr'>munitum,</span> <span class='ocrx_word' id='word_1_27' title='bbox 773 461 885 517; x_wconf 87' lang='lat' dir='ltr'>quod</span> <span class='ocrx_word' id='word_1_28' title='bbox 915 462 1057 502; x_wconf 79' lang='lat' dir='ltr'>virtuti</span> <span class='ocrx_word' id='word_1_29' title='bbox 1099 461 1221 501; x_wconf 87' lang='lat' dir='ltr'>huius</span> <span class='ocrx_word' id='word_1_30' title='bbox 1262 461 1407 502; x_wconf 89' lang='lat' dir='ltr'>saltem</span> <span class='ocrx_word' id='word_1_31' title='bbox 1439 464 1537 504; x_wconf 82' lang='lat' dir='ltr'>resi-</span> 
     </span>
     <span class='ocr_line' id='line_1_5' title="bbox 58 517 1534 571; baseline -0.001 -11"><span class='ocrx_word' id='word_1_32' title='bbox 58 526 166 561; x_wconf 86' lang='lat' dir='ltr'>stere</span> <span class='ocrx_word' id='word_1_33' title='bbox 207 517 433 559; x_wconf 80' lang='lat' dir='ltr'>moliretur.</span> <span class='ocrx_word' id='word_1_34' title='bbox 504 518 617 569; x_wconf 81' lang='lat' dir='ltr'>Quid</span> <span class='ocrx_word' id='word_1_35' title='bbox 656 524 795 558; x_wconf 83' lang='lat' dir='ltr'>autem</span> <span class='ocrx_word' id='word_1_36' title='bbox 836 517 1006 569; x_wconf 79' lang='lat' dir='ltr'>mirum,</span> <span class='ocrx_word' id='word_1_37' title='bbox 1048 531 1145 556; x_wconf 89' lang='lat' dir='ltr'>cum</span> <span class='ocrx_word' id='word_1_38' title='bbox 1186 517 1277 571; x_wconf 86' lang='lat' dir='ltr'>ipsa</span> <span class='ocrx_word' id='word_1_39' title='bbox 1317 518 1534 559; x_wconf 78' lang='lat' dir='ltr'>civitatum</span> 
     </span>
     <span class='ocr_line' id='line_1_6' title="bbox 60 570 1536 628; baseline 0 -14"><span class='ocrx_word' id='word_1_40' title='bbox 60 574 245 615; x_wconf 87' lang='lat' dir='ltr'>omnium</span> <span class='ocrx_word' id='word_1_41' title='bbox 275 574 432 628; x_wconf 72' lang='lat' dir='ltr'>regina,</span> <span class='ocrx_word' id='word_1_42' title='bbox 469 588 623 627; x_wconf 83' lang='lat' dir='ltr'>magna</span> <span class='ocrx_word' id='word_1_43' title='bbox 653 572 811 613; x_wconf 81' lang='lat' dir='ltr'>scilicet</span> <span class='ocrx_word' id='word_1_44' title='bbox 839 572 994 624; x_wconf 82' lang='lat' dir='ltr'>Roma,</span> <span class='ocrx_word' id='word_1_45' title='bbox 1032 570 1156 612; x_wconf 88' lang='lat' dir='ltr'>huius</span> <span class='ocrx_word' id='word_1_46' title='bbox 1194 572 1398 626; x_wconf 90' lang='lat' dir='ltr'>impetum</span> <span class='ocrx_word' id='word_1_47' title='bbox 1428 573 1536 614; x_wconf 91' lang='lat' dir='ltr'>ferre</span> 
     </span>
     <span class='ocr_line' id='line_1_7' title="bbox 56 627 1536 685; baseline 0 -16"><span class='ocrx_word' id='word_1_48' title='bbox 56 628 322 685; x_wconf 73' lang='lat' dir='ltr'>nequiverit?</span> <span class='ocrx_word' id='word_1_49' title='bbox 379 629 605 669; x_wconf 85' lang='lat' dir='ltr'>Enimvero</span> <span class='ocrx_word' id='word_1_50' title='bbox 647 628 746 668; x_wconf 86' lang='lat' dir='ltr'>dum</span> <span class='ocrx_word' id='word_1_51' title='bbox 787 642 811 667; x_wconf 86' lang='lat' dir='ltr'>a</span> <span class='ocrx_word' id='word_1_52' title='bbox 853 627 1051 667; x_wconf 87' lang='lat' dir='ltr'>Romanis</span> <span class='ocrx_word' id='word_1_53' title='bbox 1089 627 1351 680; x_wconf 75' lang='lat' dir='ltr'>ingrediendi</span> <span class='ocrx_word' id='word_1_54' title='bbox 1388 627 1536 669; x_wconf 85' lang='lat' dir='ltr'>urbem</span> 
     </span>
     <span class='ocr_line' id='line_1_8' title="bbox 57 681 1535 738; baseline -0.001 -13"><span class='ocrx_word' id='word_1_55' title='bbox 57 683 152 725; x_wconf 89' lang='lat' dir='ltr'>huic</span> <span class='ocrx_word' id='word_1_56' title='bbox 175 683 320 724; x_wconf 85' lang='lat' dir='ltr'>fidutia</span> <span class='ocrx_word' id='word_1_57' title='bbox 341 692 577 738; x_wconf 77' lang='lat' dir='ltr'>nega-retur,</span> <span class='ocrx_word' id='word_1_58' title='bbox 611 689 863 724; x_wconf 81' lang='lat' dir='ltr'>convocatos</span> <span class='ocrx_word' id='word_1_59' title='bbox 884 682 937 722; x_wconf 85' lang='lat' dir='ltr'>ad</span> <span class='ocrx_word' id='word_1_60' title='bbox 959 696 1048 723; x_wconf 88' lang='lat' dir='ltr'>sese</span> <span class='ocrx_word' id='word_1_61' title='bbox 1070 681 1221 722; x_wconf 77' lang='lat' dir='ltr'>milites</span> <span class='ocrx_word' id='word_1_62' title='bbox 1242 683 1299 722; x_wconf 84' lang='lat' dir='ltr'>ita</span> <span class='ocrx_word' id='word_1_63' title='bbox 1321 684 1535 725; x_wconf 77' lang='lat' dir='ltr'>convenit:</span> 
     </span>
     <span class='ocr_line' id='line_1_9' title="bbox 58 736 1535 793; baseline -0.001 -13"><span class='ocrx_word' id='word_1_64' title='bbox 58 739 122 782; x_wconf 82' lang='grc'>26.</span> <span class='ocrx_word' id='word_1_65' title='bbox 170 739 441 793; x_wconf 83' lang='lat' dir='ltr'>‘Magnanimi</span> <span class='ocrx_word' id='word_1_66' title='bbox 470 754 663 793; x_wconf 77' lang='lat' dir='ltr'>proceres</span> <span class='ocrx_word' id='word_1_67' title='bbox 694 746 735 779; x_wconf 82' lang='lat' dir='ltr'>et</span> <span class='ocrx_word' id='word_1_68' title='bbox 765 738 866 778; x_wconf 90' lang='lat' dir='ltr'>clari</span> <span class='ocrx_word' id='word_1_69' title='bbox 894 738 1029 779; x_wconf 85' lang='lat' dir='ltr'>Marte</span> <span class='ocrx_word' id='word_1_70' title='bbox 1060 736 1257 790; x_wconf 83' lang='lat' dir='ltr'>secundo,</span> <span class='ocrx_word' id='word_1_71' title='bbox 1364 738 1535 779; x_wconf 79' lang='lat' dir='ltr'>Versus.</span> 
     </span>
    </p>

    <p class='ocr_par' dir='ltr' id='par_1_3' title="bbox 169 792 1247 849">
     <span class='ocr_line' id='line_1_10' title="bbox 169 792 1247 849; baseline -0.002 -15"><span class='ocrx_word' id='word_1_72' title='bbox 169 794 301 834; x_wconf 86' lang='lat' dir='ltr'>Arma</span> <span class='ocrx_word' id='word_1_73' title='bbox 332 795 484 849; x_wconf 84' lang='lat' dir='ltr'>quibus</span> <span class='ocrx_word' id='word_1_74' title='bbox 515 795 700 835; x_wconf 89' lang='lat' dir='ltr'>studium</span> <span class='ocrx_word' id='word_1_75' title='bbox 731 793 844 834; x_wconf 87' lang='lat' dir='ltr'>fulvo</span> <span class='ocrx_word' id='word_1_76' title='bbox 876 792 1037 833; x_wconf 87' lang='lat' dir='ltr'>radiare</span> <span class='ocrx_word' id='word_1_77' title='bbox 1068 792 1247 845; x_wconf 77' lang='lat' dir='ltr'>metallo,</span> 
     </span>
    </p>

    <p class='ocr_par' dir='ltr' id='par_1_4' title="bbox 167 847 1303 904">
     <span class='ocr_line' id='line_1_11' title="bbox 167 847 1303 904; baseline -0.002 -15"><span class='ocrx_word' id='word_1_78' title='bbox 167 850 415 890; x_wconf 82' lang='lat' dir='ltr'>Romulidae</span> <span class='ocrx_word' id='word_1_79' title='bbox 447 850 554 891; x_wconf 88' lang='lat' dir='ltr'>sueti</span> <span class='ocrx_word' id='word_1_80' title='bbox 584 850 729 890; x_wconf 86' lang='lat' dir='ltr'>vacuis</span> <span class='ocrx_word' id='word_1_81' title='bbox 761 847 873 904; x_wconf 83' lang='lat' dir='ltr'>quod</span> <span class='ocrx_word' id='word_1_82' title='bbox 906 847 1085 888; x_wconf 88' lang='lat' dir='ltr'>condere</span> <span class='ocrx_word' id='word_1_83' title='bbox 1116 848 1303 902; x_wconf 81' lang='lat' dir='ltr'>scriptis;</span> 
     </span>
    </p>

    <p class='ocr_par' dir='ltr' id='par_1_5' title="bbox 168 903 1396 957">
     <span class='ocr_line' id='line_1_12' title="bbox 168 903 1396 957; baseline -0.002 -10"><span class='ocrx_word' id='word_1_84' title='bbox 168 905 329 947; x_wconf 76' lang='lat' dir='ltr'>Sumite</span> <span class='ocrx_word' id='word_1_85' title='bbox 360 919 470 945; x_wconf 92' lang='lat' dir='ltr'>nunc</span> <span class='ocrx_word' id='word_1_86' title='bbox 500 906 674 957; x_wconf 79' lang='lat' dir='ltr'>animos,</span> <span class='ocrx_word' id='word_1_87' title='bbox 706 903 824 945; x_wconf 85' lang='lat' dir='ltr'>vobis</span> <span class='ocrx_word' id='word_1_88' title='bbox 855 903 970 944; x_wconf 84' lang='lat' dir='ltr'>furor</span> <span class='ocrx_word' id='word_1_89' title='bbox 998 917 1115 943; x_wconf 86' lang='lat' dir='ltr'>arma</span> <span class='ocrx_word' id='word_1_90' title='bbox 1144 904 1396 945; x_wconf 58' lang='lat' dir='ltr'>ministrem!</span> 
     </span>
    </p>

    <p class='ocr_par' dir='ltr' id='par_1_6' title="bbox 167 957 1244 1015">
     <span class='ocr_line' id='line_1_13' title="bbox 167 957 1244 1015; baseline -0.002 -14"><span class='ocrx_word' id='word_1_91' title='bbox 167 961 262 1001; x_wconf 88' lang='lat' dir='ltr'>Non</span> <span class='ocrx_word' id='word_1_92' title='bbox 292 961 518 1015; x_wconf 85' lang='lat' dir='ltr'>Pompeius</span> <span class='ocrx_word' id='word_1_93' title='bbox 549 959 679 1011; x_wconf 80' lang='lat' dir='ltr'>adest,</span> <span class='ocrx_word' id='word_1_94' title='bbox 711 974 794 999; x_wconf 87' lang='lat' dir='ltr'>non</span> <span class='ocrx_word' id='word_1_95' title='bbox 824 958 956 999; x_wconf 87' lang='lat' dir='ltr'>Iulius</span> <span class='ocrx_word' id='word_1_96' title='bbox 987 957 1053 999; x_wconf 90' lang='lat' dir='ltr'>ille</span> <span class='ocrx_word' id='word_1_97' title='bbox 1083 957 1244 1011; x_wconf 78' lang='lat' dir='ltr'>beatus,</span> 
     </span>
    </p>

    <p class='ocr_par' dir='ltr' id='par_1_7' title="bbox 167 1013 1286 1068">
     <span class='ocr_line' id='line_1_14' title="bbox 167 1013 1286 1068; baseline -0.002 -13"><span class='ocrx_word' id='word_1_98' title='bbox 167 1016 252 1067; x_wconf 75' lang='lat' dir='ltr'>Qui</span> <span class='ocrx_word' id='word_1_99' title='bbox 280 1024 444 1056; x_wconf 85' lang='lat' dir='ltr'>nostros</span> <span class='ocrx_word' id='word_1_100' title='bbox 476 1015 636 1056; x_wconf 82' lang='lat' dir='ltr'>domuit</span> <span class='ocrx_word' id='word_1_101' title='bbox 666 1028 844 1068; x_wconf 79' lang='lat' dir='ltr'>proavos</span> <span class='ocrx_word' id='word_1_102' title='bbox 876 1028 1076 1054; x_wconf 89' lang='lat' dir='ltr'>mucrone</span> <span class='ocrx_word' id='word_1_103' title='bbox 1105 1013 1286 1065; x_wconf 60' lang='lat' dir='ltr'>ferocesg</span> 
     </span>
    </p>

    <p class='ocr_par' dir='ltr' id='par_1_8' title="bbox 166 1068 1359 1123">
     <span class='ocr_line' id='line_1_15' title="bbox 166 1068 1359 1123; baseline -0.002 -12"><span class='ocrx_word' id='word_1_104' title='bbox 166 1069 322 1111; x_wconf 73' lang='lat' dir='ltr'>indolis</span> <span class='ocrx_word' id='word_1_105' title='bbox 352 1070 474 1111; x_wconf 87' lang='lat' dir='ltr'>huius</span> <span class='ocrx_word' id='word_1_106' title='bbox 506 1071 616 1111; x_wconf 90' lang='lat' dir='ltr'>enim</span> <span class='ocrx_word' id='word_1_107' title='bbox 647 1076 859 1110; x_wconf 82' lang='lat' dir='ltr'>summosa</span> <span class='ocrx_word' id='word_1_108' title='bbox 891 1068 1068 1109; x_wconf 83' lang='lat' dir='ltr'>deduxit</span> <span class='ocrx_word' id='word_1_109' title='bbox 1098 1068 1151 1108; x_wconf 86' lang='lat' dir='ltr'>ad</span> <span class='ocrx_word' id='word_1_110' title='bbox 1182 1069 1320 1123; x_wconf 83' lang='lat' dir='ltr'>Argos</span> <span class='ocrx_word' id='word_1_111' title='bbox 1334 1076 1359 1120; x_wconf 76' lang='lat'>²3</span> 
     </span>
    </p>

    <p class='ocr_par' dir='ltr' id='par_1_9' title="bbox 166 1124 1362 1179">
     <span class='ocr_line' id='line_1_16' title="bbox 166 1124 1362 1179; baseline -0.002 -13"><span class='ocrx_word' id='word_1_112' title='bbox 166 1125 345 1166; x_wconf 85' lang='lat' dir='ltr'>Protulit</span> <span class='ocrx_word' id='word_1_113' title='bbox 374 1126 417 1165; x_wconf 88' lang='lat' dir='ltr'>in</span> <span class='ocrx_word' id='word_1_114' title='bbox 447 1124 583 1165; x_wconf 87' lang='lat' dir='ltr'>lucem</span> <span class='ocrx_word' id='word_1_115' title='bbox 616 1139 739 1179; x_wconf 84' lang='lat' dir='ltr'>quem</span> <span class='ocrx_word' id='word_1_116' title='bbox 753 1132 767 1153; x_wconf 81' lang='lat'><em>³</em></span> <span class='ocrx_word' id='word_1_117' title='bbox 800 1131 944 1164; x_wconf 83' lang='lat' dir='ltr'>sancta</span> <span class='ocrx_word' id='word_1_118' title='bbox 974 1124 1187 1164; x_wconf 86' lang='lat' dir='ltr'>Britanica</span> <span class='ocrx_word' id='word_1_119' title='bbox 1219 1131 1362 1164; x_wconf 90' lang='lat' dir='ltr'>mater.</span> 
     </span>
    </p>

    <p class='ocr_par' dir='ltr' id='par_1_10' title="bbox 167 1178 1191 1235">
     <span class='ocr_line' id='line_1_17' title="bbox 167 1178 1191 1235; baseline -0.002 -14"><span class='ocrx_word' id='word_1_120' title='bbox 167 1181 246 1221; x_wconf 86' lang='lat' dir='ltr'>His</span> <span class='ocrx_word' id='word_1_121' title='bbox 276 1187 385 1221; x_wconf 85' lang='lat' dir='ltr'>torta</span> <span class='ocrx_word' id='word_1_122' title='bbox 415 1180 600 1222; x_wconf 87' lang='lat' dir='ltr'>studium</span> <span class='ocrx_word' id='word_1_123' title='bbox 632 1181 811 1235; x_wconf 75' lang='lat' dir='ltr'>pingues</span> <span class='ocrx_word' id='word_1_124' title='bbox 843 1186 1010 1233; x_wconf 83' lang='lat' dir='ltr'>captare</span> <span class='ocrx_word' id='word_1_125' title='bbox 1040 1178 1191 1219; x_wconf 85' lang='lat' dir='ltr'>siluros</span> 
     </span>
    </p>

    <p class='ocr_par' dir='ltr' id='par_1_11' title="bbox 167 1234 1399 1290">
     <span class='ocr_line' id='line_1_18' title="bbox 167 1234 1399 1290; baseline -0.003 -13"><span class='ocrx_word' id='word_1_126' title='bbox 167 1234 366 1277; x_wconf 79' lang='lat' dir='ltr'>Cannabe</span> <span class='ocrx_word' id='word_1_127' title='bbox 378 1236 409 1288; x_wconf 77' lang='lat' dir='ltr'>b,</span> <span class='ocrx_word' id='word_1_128' title='bbox 439 1250 523 1276; x_wconf 89' lang='lat' dir='ltr'>non</span> <span class='ocrx_word' id='word_1_129' title='bbox 554 1235 711 1290; x_wconf 77' lang='lat' dir='ltr'>clipeos</span> <span class='ocrx_word' id='word_1_130' title='bbox 741 1234 936 1275; x_wconf 85' lang='lat' dir='ltr'>manibus</span> <span class='ocrx_word' id='word_1_131' title='bbox 966 1242 1131 1288; x_wconf 84' lang='lat' dir='ltr'>gestare</span> <span class='ocrx_word' id='word_1_132' title='bbox 1161 1234 1399 1275; x_wconf 63' lang='lat' dir='ltr'>micantes³l</span> 
     </span>
    </p>

    <p class='ocr_par' dir='ltr' id='par_1_12' title="bbox 53 1289 1538 2108">
     <span class='ocr_line' id='line_1_19' title="bbox 166 1289 1536 1342; baseline -0.002 -10"><span class='ocrx_word' id='word_1_133' title='bbox 166 1291 232 1332; x_wconf 80' lang='lat'>27.</span> <span class='ocrx_word' id='word_1_134' title='bbox 277 1291 356 1331; x_wconf 91' lang='lat' dir='ltr'>His</span> <span class='ocrx_word' id='word_1_135' title='bbox 386 1305 502 1332; x_wconf 90' lang='lat' dir='ltr'>eroes</span> <span class='ocrx_word' id='word_1_136' title='bbox 534 1290 655 1331; x_wconf 89' lang='lat' dir='ltr'>dictis</span> <span class='ocrx_word' id='word_1_137' title='bbox 687 1291 847 1330; x_wconf 83' lang='lat' dir='ltr'>animos</span> <span class='ocrx_word' id='word_1_138' title='bbox 878 1290 1058 1342; x_wconf 81' lang='lat' dir='ltr'>accensi,</span> <span class='ocrx_word' id='word_1_139' title='bbox 1090 1290 1219 1330; x_wconf 88' lang='lat' dir='ltr'>vitam</span> <span class='ocrx_word' id='word_1_140' title='bbox 1250 1289 1384 1330; x_wconf 86' lang='lat' dir='ltr'>laudis</span> <span class='ocrx_word' id='word_1_141' title='bbox 1405 1289 1536 1330; x_wconf 80' lang='lat' dir='ltr'>avidi-</span> 
     </span>
     <span class='ocr_line' id='line_1_20' title="bbox 54 1343 1535 1401; baseline -0.003 -13"><span class='ocrx_word' id='word_1_142' title='bbox 54 1352 139 1388; x_wconf 79' lang='lat' dir='ltr'>tate</span> <span class='ocrx_word' id='word_1_143' title='bbox 177 1353 490 1401; x_wconf 86' lang='lat' dir='ltr'>contempnunt.</span> <span class='ocrx_word' id='word_1_144' title='bbox 563 1346 718 1401; x_wconf 78' lang='lat' dir='ltr'>Clipeis</span> <span class='ocrx_word' id='word_1_145' title='bbox 759 1345 940 1399; x_wconf 88' lang='lat' dir='ltr'>denique</span> <span class='ocrx_word' id='word_1_146' title='bbox 981 1343 1165 1386; x_wconf 84' lang='lat' dir='ltr'>cratibus</span> <span class='ocrx_word' id='word_1_147' title='bbox 1199 1360 1251 1387; x_wconf 90' lang='lat' dir='ltr'>ue</span> <span class='ocrx_word' id='word_1_148' title='bbox 1292 1345 1535 1386; x_wconf 84' lang='lat' dir='ltr'>catervatim</span> 
     </span>
     <span class='ocr_line' id='line_1_21' title="bbox 55 1359 1534 1456; baseline -0.002 -13"><span class='ocrx_word' id='word_1_149' title='bbox 55 1403 201 1456; x_wconf 87' lang='lat' dir='ltr'>operti,</span> <span class='ocrx_word' id='word_1_150' title='bbox 231 1417 372 1443; x_wconf 88' lang='lat' dir='ltr'>muros</span> <span class='ocrx_word' id='word_1_151' title='bbox 392 1401 507 1442; x_wconf 90' lang='lat' dir='ltr'>adire</span> <span class='ocrx_word' id='word_1_152' title='bbox 530 1401 809 1453; x_wconf 75' lang='lat' dir='ltr'>contendunt3</span> <span class='ocrx_word' id='word_1_153' title='bbox 840 1401 1024 1456; x_wconf 89' lang='lat' dir='ltr'>plurima</span> <span class='ocrx_word' id='word_1_154' title='bbox 1044 1359 1395 1442; x_wconf 74' lang='lat' dir='ltr'>etiamqbellorum</span> <span class='ocrx_word' id='word_1_155' title='bbox 1417 1415 1534 1454; x_wconf 85' lang='lat' dir='ltr'>para-</span> 
     </span>
     <span class='ocr_line' id='line_1_22' title="bbox 53 1454 1534 1511; baseline -0.001 -13"><span class='ocrx_word' id='word_1_156' title='bbox 53 1464 200 1499; x_wconf 88' lang='lat' dir='ltr'>verant</span> <span class='ocrx_word' id='word_1_157' title='bbox 227 1458 515 1510; x_wconf 76' lang='lat' dir='ltr'>instrumenta,</span> <span class='ocrx_word' id='word_1_158' title='bbox 546 1472 642 1498; x_wconf 89' lang='lat' dir='ltr'>cum</span> <span class='ocrx_word' id='word_1_159' title='bbox 670 1458 779 1498; x_wconf 85' lang='lat' dir='ltr'>inter</span> <span class='ocrx_word' id='word_1_160' title='bbox 799 1456 1023 1511; x_wconf 81' lang='lat' dir='ltr'>agendum,</span> <span class='ocrx_word' id='word_1_161' title='bbox 1054 1454 1210 1510; x_wconf 86' lang='lat' dir='ltr'>populo</span> <span class='ocrx_word' id='word_1_162' title='bbox 1233 1456 1534 1508; x_wconf 81' lang='lat' dir='ltr'>considerante,</span> 
     </span>
     <span class='ocr_line' id='line_1_23' title="bbox 55 1511 1533 1568; baseline -0.001 -15"><span class='ocrx_word' id='word_1_163' title='bbox 55 1513 260 1567; x_wconf 80' lang='lat' dir='ltr'>contingit</span> <span class='ocrx_word' id='word_1_164' title='bbox 288 1512 551 1568; x_wconf 87' lang='lat' dir='ltr'>lepusculum</span> <span class='ocrx_word' id='word_1_165' title='bbox 583 1512 764 1553; x_wconf 83' lang='lat' dir='ltr'>clamore</span> <span class='ocrx_word' id='word_1_166' title='bbox 805 1513 892 1553; x_wconf 85' lang='lat' dir='ltr'>eius</span> <span class='ocrx_word' id='word_1_167' title='bbox 933 1511 1179 1552; x_wconf 81' lang='lat' dir='ltr'>exterritum</span> <span class='ocrx_word' id='word_1_168' title='bbox 1210 1512 1357 1552; x_wconf 90' lang='lat' dir='ltr'>urbem</span> <span class='ocrx_word' id='word_1_169' title='bbox 1388 1525 1533 1551; x_wconf 78' lang='lat' dir='ltr'>versus</span> 
     </span>
     <span class='ocr_line' id='line_1_24' title="bbox 54 1565 1535 1623; baseline -0.001 -14"><span class='ocrx_word' id='word_1_170' title='bbox 54 1568 209 1623; x_wconf 86' lang='lat' dir='ltr'>fugere.</span> <span class='ocrx_word' id='word_1_171' title='bbox 270 1569 408 1620; x_wconf 85' lang='lat' dir='ltr'>Quem</span> <span class='ocrx_word' id='word_1_172' title='bbox 440 1568 539 1609; x_wconf 91' lang='lat' dir='ltr'>dum</span> <span class='ocrx_word' id='word_1_173' title='bbox 574 1568 795 1619; x_wconf 78' lang='lat' dir='ltr'>exercitus,</span> <span class='ocrx_word' id='word_1_174' title='bbox 826 1574 873 1608; x_wconf 90' lang='lat' dir='ltr'>ut</span> <span class='ocrx_word' id='word_1_175' title='bbox 902 1565 1074 1619; x_wconf 80' lang='lat' dir='ltr'>adsolet,</span> <span class='ocrx_word' id='word_1_176' title='bbox 1105 1567 1344 1608; x_wconf 84' lang='lat' dir='ltr'>vehementi</span> <span class='ocrx_word' id='word_1_177' title='bbox 1374 1567 1535 1621; x_wconf 86' lang='lat' dir='ltr'>impetu</span> 
     </span>
     <span class='ocr_line' id='line_1_25' title="bbox 55 1622 1534 1679; baseline -0.001 -15"><span class='ocrx_word' id='word_1_178' title='bbox 55 1630 320 1679; x_wconf 81' lang='lat' dir='ltr'>sequeretur,</span> <span class='ocrx_word' id='word_1_179' title='bbox 366 1624 545 1664; x_wconf 88' lang='lat' dir='ltr'>Romani</span> <span class='ocrx_word' id='word_1_180' title='bbox 584 1631 779 1678; x_wconf 87' lang='lat' dir='ltr'>putantes</span> <span class='ocrx_word' id='word_1_181' title='bbox 819 1638 861 1663; x_wconf 88' lang='lat' dir='ltr'>se</span> <span class='ocrx_word' id='word_1_182' title='bbox 903 1622 1148 1677; x_wconf 81' lang='lat' dir='ltr'>inpugnari,</span> <span class='ocrx_word' id='word_1_183' title='bbox 1195 1623 1246 1663; x_wconf 88' lang='lat' dir='ltr'>dc</span> <span class='ocrx_word' id='word_1_184' title='bbox 1285 1637 1404 1663; x_wconf 89' lang='lat' dir='ltr'>muro</span> <span class='ocrx_word' id='word_1_185' title='bbox 1445 1637 1534 1663; x_wconf 86' lang='lat' dir='ltr'>sese</span> 
     </span>
     <span class='ocr_line' id='line_1_26' title="bbox 55 1676 1535 1734; baseline -0.002 -14"><span class='ocrx_word' id='word_1_186' title='bbox 55 1679 264 1734; x_wconf 87' lang='lat' dir='ltr'>proiciunt</span> <span class='ocrx_word' id='word_1_187' title='bbox 277 1686 306 1719; x_wconf 81' lang='lat'>⁴.</span> <span class='ocrx_word' id='word_1_188' title='bbox 339 1679 464 1730; x_wconf 75' lang='lat' dir='ltr'>Quod</span> <span class='ocrx_word' id='word_1_189' title='bbox 480 1679 662 1734; x_wconf 85' lang='lat' dir='ltr'>populus</span> <span class='ocrx_word' id='word_1_190' title='bbox 680 1693 866 1730; x_wconf 77' lang='lat' dir='ltr'>cernens7</span> <span class='ocrx_word' id='word_1_191' title='bbox 884 1676 1145 1732; x_wconf 80' lang='lat' dir='ltr'>sagmatibus</span> <span class='ocrx_word' id='word_1_192' title='bbox 1163 1676 1358 1733; x_wconf 89' lang='lat' dir='ltr'>sellisque</span> <span class='ocrx_word' id='word_1_193' title='bbox 1381 1677 1535 1732; x_wconf 86' lang='lat' dir='ltr'>quibus</span> 
     </span>
     <span class='ocr_line' id='line_1_27' title="bbox 56 1733 1536 1790; baseline -0.001 -15"><span class='ocrx_word' id='word_1_194' title='bbox 56 1735 174 1790; x_wconf 85' lang='lat' dir='ltr'>equis</span> <span class='ocrx_word' id='word_1_195' title='bbox 200 1734 440 1775; x_wconf 84' lang='lat' dir='ltr'>insederant</span> <span class='ocrx_word' id='word_1_196' title='bbox 469 1735 587 1774; x_wconf 82' lang='lat' dir='ltr'>iuxta</span> <span class='ocrx_word' id='word_1_197' title='bbox 615 1742 781 1774; x_wconf 82' lang='lat' dir='ltr'>murum</span> <span class='ocrx_word' id='word_1_198' title='bbox 812 1733 1023 1787; x_wconf 83' lang='lat' dir='ltr'>proiectis,</span> <span class='ocrx_word' id='word_1_199' title='bbox 1054 1747 1130 1787; x_wconf 88' lang='lat' dir='ltr'>per</span> <span class='ocrx_word' id='word_1_200' title='bbox 1160 1747 1305 1773; x_wconf 89' lang='lat' dir='ltr'>corum</span> <span class='ocrx_word' id='word_1_201' title='bbox 1335 1747 1536 1773; x_wconf 82' lang='lat' dir='ltr'>acervum</span> 
     </span>
     <span class='ocr_line' id='line_1_28' title="bbox 54 1787 1538 1843; baseline -0.001 -13"><span class='ocrx_word' id='word_1_202' title='bbox 54 1804 221 1830; x_wconf 90' lang='lat' dir='ltr'>murum</span> <span class='ocrx_word' id='word_1_203' title='bbox 251 1789 484 1830; x_wconf 86' lang='lat' dir='ltr'>ascendunt</span> <span class='ocrx_word' id='word_1_204' title='bbox 497 1796 523 1829; x_wconf 87' lang='lat'>⁵.</span> <span class='ocrx_word' id='word_1_205' title='bbox 573 1790 676 1830; x_wconf 88' lang='lat' dir='ltr'>Pars</span> <span class='ocrx_word' id='word_1_206' title='bbox 706 1802 805 1829; x_wconf 75' lang='lat' dir='ltr'>vcro</span> <span class='ocrx_word' id='word_1_207' title='bbox 836 1787 982 1843; x_wconf 86' lang='lat' dir='ltr'>populi</span> <span class='ocrx_word' id='word_1_208' title='bbox 1014 1787 1209 1841; x_wconf 79' lang='lat' dir='ltr'>quedam,</span> <span class='ocrx_word' id='word_1_209' title='bbox 1241 1795 1415 1842; x_wconf 87' lang='lat' dir='ltr'>accepta</span> <span class='ocrx_word' id='word_1_210' title='bbox 1436 1802 1538 1828; x_wconf 81' lang='lat' dir='ltr'>mox</span> 
     </span>
     <span class='ocr_line' id='line_1_29' title="bbox 54 1842 1538 1901; baseline -0.003 -14"><span class='ocrx_word' id='word_1_211' title='bbox 54 1844 172 1887; x_wconf 84' lang='lat' dir='ltr'>trabe</span> <span class='ocrx_word' id='word_1_212' title='bbox 204 1845 510 1901; x_wconf 83' lang='lat' dir='ltr'>quinquaginta</span> <span class='ocrx_word' id='word_1_213' title='bbox 538 1844 694 1899; x_wconf 89' lang='lat' dir='ltr'>pedum</span> <span class='ocrx_word' id='word_1_214' title='bbox 723 1857 899 1898; x_wconf 87' lang='lat' dir='ltr'>procera</span> <span class='ocrx_word' id='word_1_215' title='bbox 928 1842 1203 1897; x_wconf 85' lang='lat' dir='ltr'>longitudine,</span> <span class='ocrx_word' id='word_1_216' title='bbox 1244 1850 1407 1897; x_wconf 86' lang='lat' dir='ltr'>portam</span> <span class='ocrx_word' id='word_1_217' title='bbox 1439 1857 1538 1898; x_wconf 88' lang='lat' dir='ltr'>qua-</span> 
     </span>
     <span class='ocr_line' id='line_1_30' title="bbox 55 1897 1538 1955; baseline -0.002 -13"><span class='ocrx_word' id='word_1_218' title='bbox 55 1901 175 1953; x_wconf 82' lang='lat' dir='ltr'>tiunt,</span> <span class='ocrx_word' id='word_1_219' title='bbox 207 1908 248 1942; x_wconf 86' lang='lat' dir='ltr'>et</span> <span class='ocrx_word' id='word_1_220' title='bbox 267 1900 446 1941; x_wconf 87' lang='lat' dir='ltr'>Romam</span> <span class='ocrx_word' id='word_1_221' title='bbox 478 1914 602 1955; x_wconf 85' lang='lat' dir='ltr'>quam</span> <span class='ocrx_word' id='word_1_222' title='bbox 625 1899 884 1940; x_wconf 86' lang='lat' dir='ltr'>Leonianam</span> <span class='ocrx_word' id='word_1_223' title='bbox 916 1897 1072 1950; x_wconf 79' lang='lat' dir='ltr'>dicunt,</span> <span class='ocrx_word' id='word_1_224' title='bbox 1103 1898 1146 1938; x_wconf 94' lang='lat' dir='ltr'>in</span> <span class='ocrx_word' id='word_1_225' title='bbox 1178 1912 1262 1952; x_wconf 83' lang='lat' dir='ltr'>qua</span> <span class='ocrx_word' id='word_1_226' title='bbox 1290 1898 1402 1940; x_wconf 90' lang='lat' dir='ltr'>beati</span> <span class='ocrx_word' id='word_1_227' title='bbox 1423 1899 1538 1940; x_wconf 87' lang='lat' dir='ltr'>Petri</span> 
     </span>
     <span class='ocr_line' id='line_1_31' title="bbox 55 1954 1536 2011; baseline -0.002 -14"><span class='ocrx_word' id='word_1_228' title='bbox 55 1955 338 2011; x_wconf 83' lang='lat' dir='ltr'>apostolorum</span> <span class='ocrx_word' id='word_1_229' title='bbox 369 1957 569 2011; x_wconf 85' lang='lat' dir='ltr'>principis</span> <span class='ocrx_word' id='word_1_230' title='bbox 599 1955 830 2011; x_wconf 85' lang='lat' dir='ltr'>pretiosum</span> <span class='ocrx_word' id='word_1_231' title='bbox 862 1968 1016 2009; x_wconf 89' lang='lat' dir='ltr'>corpus</span> <span class='ocrx_word' id='word_1_232' title='bbox 1048 1954 1237 2009; x_wconf 80' lang='lat' dir='ltr'>quiescit,</span> <span class='ocrx_word' id='word_1_233' title='bbox 1278 1954 1320 1994; x_wconf 83' lang='lat' dir='ltr'>vi</span> <span class='ocrx_word' id='word_1_234' title='bbox 1351 1955 1536 2009; x_wconf 86' lang='lat' dir='ltr'>capiunt.</span> 
     </span>
     <span class='ocr_line' id='line_1_32' title="bbox 57 2008 1536 2067; baseline -0.002 -14"><span class='ocrx_word' id='word_1_235' title='bbox 57 2012 196 2053; x_wconf 82' lang='lat' dir='ltr'>Ceteri</span> <span class='ocrx_word' id='word_1_236' title='bbox 233 2025 331 2053; x_wconf 83' lang='lat' dir='ltr'>vero</span> <span class='ocrx_word' id='word_1_237' title='bbox 375 2012 447 2067; x_wconf 88' lang='lat' dir='ltr'>qui</span> <span class='ocrx_word' id='word_1_238' title='bbox 484 2019 597 2052; x_wconf 88' lang='lat' dir='ltr'>trans</span> <span class='ocrx_word' id='word_1_239' title='bbox 638 2010 825 2051; x_wconf 86' lang='lat' dir='ltr'>Tiberim</span> <span class='ocrx_word' id='word_1_240' title='bbox 863 2016 993 2062; x_wconf 79' lang='lat' dir='ltr'>erant,</span> <span class='ocrx_word' id='word_1_241' title='bbox 1033 2008 1113 2050; x_wconf 89' lang='lat' dir='ltr'>hoc</span> <span class='ocrx_word' id='word_1_242' title='bbox 1153 2009 1301 2050; x_wconf 87' lang='lat' dir='ltr'>timore</span> <span class='ocrx_word' id='word_1_243' title='bbox 1332 2008 1536 2064; x_wconf 84' lang='lat' dir='ltr'>conpulsi,</span> 
     </span>
     <span class='ocr_line' id='line_1_33' title="bbox 55 2065 874 2108; baseline -0.002 -1"><span class='ocrx_word' id='word_1_244' title='bbox 55 2066 179 2108; x_wconf 88' lang='lat' dir='ltr'>huius</span> <span class='ocrx_word' id='word_1_245' title='bbox 211 2066 444 2108; x_wconf 89' lang='lat' dir='ltr'>dominatui</span> <span class='ocrx_word' id='word_1_246' title='bbox 474 2066 580 2107; x_wconf 88' lang='lat' dir='ltr'>colla</span> <span class='ocrx_word' id='word_1_247' title='bbox 610 2065 874 2107; x_wconf 87' lang='lat' dir='ltr'>submittunt.</span> 
     </span>
    </p>

    <p class='ocr_par' dir='ltr' id='par_1_13' title="bbox 54 2119 1538 2398">
     <span class='ocr_line' id='line_1_34' title="bbox 166 2119 1538 2177; baseline -0.003 -14"><span class='ocrx_word' id='word_1_248' title='bbox 166 2123 232 2164; x_wconf 79' lang='grc'>28.</span> <span class='ocrx_word' id='word_1_249' title='bbox 276 2123 400 2163; x_wconf 74' lang='grc' dir='ltr'>Ηοο6</span> <span class='ocrx_word' id='word_1_250' title='bbox 429 2123 471 2162; x_wconf 91' lang='lat' dir='ltr'>in</span> <span class='ocrx_word' id='word_1_251' title='bbox 507 2129 696 2177; x_wconf 88' lang='lat' dir='ltr'>tempore</span> <span class='ocrx_word' id='word_1_252' title='bbox 727 2122 953 2161; x_wconf 86' lang='lat' dir='ltr'>Formosus</span> <span class='ocrx_word' id='word_1_253' title='bbox 994 2134 1106 2175; x_wconf 87' lang='lat' dir='ltr'>papa</span> <span class='ocrx_word' id='word_1_254' title='bbox 1145 2119 1482 2174; x_wconf 84' lang='lat' dir='ltr'>religiosissimus</span> <span class='ocrx_word' id='word_1_255' title='bbox 1514 2133 1538 2159; x_wconf 90' lang='lat' dir='ltr'>a</span> 
     </span>
     <span class='ocr_line' id='line_1_35' title="bbox 55 2175 1536 2228; baseline -0.003 -9"><span class='ocrx_word' id='word_1_256' title='bbox 55 2178 256 2219; x_wconf 84' lang='lat' dir='ltr'>Romanis</span> <span class='ocrx_word' id='word_1_257' title='bbox 290 2178 560 2219; x_wconf 76' lang='lat' dir='ltr'>vehementer</span> <span class='ocrx_word' id='word_1_258' title='bbox 598 2175 878 2228; x_wconf 78' lang='lat' dir='ltr'>aflictabatur,</span> <span class='ocrx_word' id='word_1_259' title='bbox 917 2177 1036 2216; x_wconf 90' lang='lat' dir='ltr'>cuius</span> <span class='ocrx_word' id='word_1_260' title='bbox 1077 2182 1117 2216; x_wconf 88' lang='lat' dir='ltr'>et</span> <span class='ocrx_word' id='word_1_261' title='bbox 1153 2175 1322 2216; x_wconf 89' lang='lat' dir='ltr'>hortatu</span> <span class='ocrx_word' id='word_1_262' title='bbox 1360 2175 1536 2215; x_wconf 88' lang='lat' dir='ltr'>Romam</span> 
     </span>
     <span class='ocr_line' id='line_1_36' title="bbox 54 2229 1537 2286; baseline -0.002 -11"><span class='ocrx_word' id='word_1_263' title='bbox 54 2249 131 2275; x_wconf 85' lang='lat' dir='ltr'>rex</span> <span class='ocrx_word' id='word_1_264' title='bbox 159 2232 363 2274; x_wconf 88' lang='lat' dir='ltr'>Arnulfus</span> <span class='ocrx_word' id='word_1_265' title='bbox 393 2233 633 2274; x_wconf 84' lang='lat' dir='ltr'>advenerat.</span> <span class='ocrx_word' id='word_1_266' title='bbox 690 2232 739 2272; x_wconf 89' lang='lat' dir='ltr'>In</span> <span class='ocrx_word' id='word_1_267' title='bbox 771 2232 890 2272; x_wconf 87' lang='lat' dir='ltr'>cuius</span> <span class='ocrx_word' id='word_1_268' title='bbox 921 2232 1126 2286; x_wconf 82' lang='lat' dir='ltr'>ingressu,</span> <span class='ocrx_word' id='word_1_269' title='bbox 1158 2229 1400 2271; x_wconf 83' lang='lat' dir='ltr'>ulciscendo</span> <span class='ocrx_word' id='word_1_270' title='bbox 1427 2244 1537 2285; x_wconf 85' lang='lat' dir='ltr'>pape</span> 
     </span>
     <span class='ocr_line' id='line_1_37' title="bbox 54 2285 1536 2342; baseline -0.002 -12"><span class='ocrx_word' id='word_1_271' title='bbox 54 2289 263 2341; x_wconf 84' lang='lat' dir='ltr'>iniuriam,</span> <span class='ocrx_word' id='word_1_272' title='bbox 304 2287 457 2330; x_wconf 88' lang='lat' dir='ltr'>multos</span> <span class='ocrx_word' id='word_1_273' title='bbox 488 2289 774 2329; x_wconf 88' lang='lat' dir='ltr'>Romanorum</span> <span class='ocrx_word' id='word_1_274' title='bbox 811 2287 1023 2342; x_wconf 86' lang='lat' dir='ltr'>principes</span> <span class='ocrx_word' id='word_1_275' title='bbox 1064 2286 1234 2328; x_wconf 80' lang='lat' dir='ltr'>obviam</span> <span class='ocrx_word' id='word_1_276' title='bbox 1272 2285 1351 2327; x_wconf 89' lang='lat' dir='ltr'>sibi</span> <span class='ocrx_word' id='word_1_277' title='bbox 1388 2300 1536 2340; x_wconf 80' lang='lat' dir='ltr'>propc-</span> 
     </span>
     <span class='ocr_line' id='line_1_38' title="bbox 54 2343 662 2398; baseline -0.005 -12"><span class='ocrx_word' id='word_1_278' title='bbox 54 2351 192 2386; x_wconf 85' lang='lat' dir='ltr'>rantes</span> <span class='ocrx_word' id='word_1_279' title='bbox 223 2343 429 2386; x_wconf 87' lang='lat' dir='ltr'>decollare</span> <span class='ocrx_word' id='word_1_280' title='bbox 458 2343 662 2398; x_wconf 86' lang='lat' dir='ltr'>precepit.</span> 
     </span>
    </p>
   </div>
   <div class='ocr_carea' id='block_1_3' title="bbox 55 2450 691 2485">
    <p class='ocr_par' dir='ltr' id='par_1_14' title="bbox 55 2450 691 2485">
     <span class='ocr_line' id='line_1_39' title="bbox 55 2450 691 2485; baseline -0.005 -6"><span class='ocrx_word' id='word_1_281' title='bbox 55 2452 84 2485; x_wconf 80' lang='lat' dir='ltr'>a)</span> <span class='ocrx_word' id='word_1_282' title='bbox 107 2459 208 2479; x_wconf 85' lang='lat' dir='ltr'>sumos</span> <span class='ocrx_word' id='word_1_283' title='bbox 232 2453 257 2477; x_wconf 90' lang='lat'>1.</span> <span class='ocrx_word' id='word_1_284' title='bbox 337 2450 368 2484; x_wconf 82' lang='lat' dir='ltr'>b)</span> <span class='ocrx_word' id='word_1_285' title='bbox 391 2451 432 2475; x_wconf 69' lang='lat' dir='ltr'>hic</span> <span class='ocrx_word' id='word_1_286' title='bbox 454 2458 551 2475; x_wconf 70' lang='lat' dir='ltr'>versus</span> <span class='ocrx_word' id='word_1_287' title='bbox 572 2451 642 2475; x_wconf 74' lang='lat' dir='ltr'>deese</span> <span class='ocrx_word' id='word_1_288' title='bbox 666 2451 691 2476; x_wconf 70' lang='lat'>2,</span> 
     </span>
    </p>
   </div>
   <div class='ocr_carea' id='block_1_4' title="bbox 54 2521 1536 2908">
    <p class='ocr_par' dir='ltr' id='par_1_15' title="bbox 54 2521 1536 2908">
     <span class='ocr_line' id='line_1_40' title="bbox 60 2521 1535 2571; baseline -0.005 -10"><span class='ocrx_word' id='word_1_289' title='bbox 60 2527 95 2571; x_wconf 90' lang='lat'>1)</span> <span class='ocrx_word' id='word_1_290' title='bbox 124 2528 177 2561; x_wconf 85' lang='lat' dir='ltr'>Cf.</span> <span class='ocrx_word' id='word_1_291' title='bbox 204 2529 310 2569; x_wconf 82' lang='lat' dir='ltr'>Verg.</span> <span class='ocrx_word' id='word_1_292' title='bbox 345 2528 432 2559; x_wconf 88' lang='lat' dir='ltr'>Aen.</span> <span class='ocrx_word' id='word_1_293' title='bbox 461 2527 488 2567; x_wconf 74' lang='grc' dir='ltr'>Ι,</span> <span class='ocrx_word' id='word_1_294' title='bbox 526 2527 606 2558; x_wconf 81' lang='lat'>150.</span> <span class='ocrx_word' id='word_1_295' title='bbox 806 2524 843 2566; x_wconf 79' lang='lat'>2)</span> <span class='ocrx_word' id='word_1_296' title='bbox 878 2525 913 2556; x_wconf 89' lang='lat' dir='ltr'>in</span> <span class='ocrx_word' id='word_1_297' title='bbox 940 2524 1146 2564; x_wconf 84' lang='lat' dir='ltr'>Graeciam,</span> <span class='ocrx_word' id='word_1_298' title='bbox 1184 2521 1535 2564; x_wconf 86' lang='lat' dir='ltr'>Constantinopolim.</span> 
     </span>
     <span class='ocr_line' id='line_1_41' title="bbox 57 2570 1535 2619; baseline -0.005 -10"><span class='ocrx_word' id='word_1_299' title='bbox 57 2576 95 2619; x_wconf 87' lang='lat'>3)</span> <span class='ocrx_word' id='word_1_300' title='bbox 136 2577 385 2609; x_wconf 86' lang='lat' dir='ltr'>Constantinus</span> <span class='ocrx_word' id='word_1_301' title='bbox 423 2575 471 2608; x_wconf 89' lang='lat' dir='ltr'>M.</span> <span class='ocrx_word' id='word_1_302' title='bbox 510 2576 722 2617; x_wconf 75' lang='lat' dir='ltr'>imperator,</span> <span class='ocrx_word' id='word_1_303' title='bbox 766 2577 910 2605; x_wconf 84' lang='lat' dir='ltr'>sanctae</span> <span class='ocrx_word' id='word_1_304' title='bbox 957 2573 1117 2605; x_wconf 85' lang='lat' dir='ltr'>Helenae</span> <span class='ocrx_word' id='word_1_305' title='bbox 1162 2572 1386 2604; x_wconf 72' lang='lat' dir='ltr'>Britannicae</span> <span class='ocrx_word' id='word_1_306' title='bbox 1432 2570 1535 2602; x_wconf 82' lang='lat' dir='ltr'>tilius.</span> 
     </span>
     <span class='ocr_line' id='line_1_42' title="bbox 57 2617 1535 2667; baseline -0.005 -11"><span class='ocrx_word' id='word_1_307' title='bbox 57 2624 94 2667; x_wconf 86' lang='lat'>4)</span> <span class='ocrx_word' id='word_1_308' title='bbox 122 2625 176 2658; x_wconf 83' lang='lat' dir='ltr'>Cf.</span> <span class='ocrx_word' id='word_1_309' title='bbox 206 2625 249 2656; x_wconf 91' lang='lat' dir='ltr'>de</span> <span class='ocrx_word' id='word_1_310' title='bbox 276 2625 343 2656; x_wconf 85' lang='lat' dir='ltr'>hac</span> <span class='ocrx_word' id='word_1_311' title='bbox 369 2624 490 2656; x_wconf 81' lang='lat' dir='ltr'>fabula</span> <span class='ocrx_word' id='word_1_312' title='bbox 508 2622 677 2656; x_wconf 87' lang='lat' dir='ltr'>Herodot.</span> <span class='ocrx_word' id='word_1_313' title='bbox 700 2622 759 2661; x_wconf 90' lang='lat' dir='ltr'>IV,</span> <span class='ocrx_word' id='word_1_314' title='bbox 780 2632 809 2653; x_wconf 84' lang='lat' dir='ltr'>e.</span> <span class='ocrx_word' id='word_1_315' title='bbox 832 2622 917 2660; x_wconf 79' lang='lat'>134;</span> <span class='ocrx_word' id='word_1_316' title='bbox 947 2622 1090 2661; x_wconf 84' lang='lat' dir='ltr'>Grimm,</span> <span class='ocrx_word' id='word_1_317' title='bbox 1117 2620 1298 2652; x_wconf 86' lang='lat' dir='ltr'>Deutsche</span> <span class='ocrx_word' id='word_1_318' title='bbox 1317 2617 1535 2660; x_wconf 72' lang='lat' dir='ltr'>Mythologie</span> 
     </span>
     <span class='ocr_line' id='line_1_43' title="bbox 55 2668 1535 2717; baseline -0.006 -10"><span class='ocrx_word' id='word_1_319' title='bbox 55 2685 89 2717; x_wconf 86' lang='lat' dir='ltr'>p.</span> <span class='ocrx_word' id='word_1_320' title='bbox 120 2672 223 2705; x_wconf 89' lang='lat'>1080.</span> <span class='ocrx_word' id='word_1_321' title='bbox 254 2672 358 2704; x_wconf 89' lang='lat'>1081.</span> <span class='ocrx_word' id='word_1_322' title='bbox 509 2669 545 2714; x_wconf 76' lang='lat'>5)</span> <span class='ocrx_word' id='word_1_323' title='bbox 575 2671 626 2704; x_wconf 85' lang='lat' dir='ltr'>Of.</span> <span class='ocrx_word' id='word_1_324' title='bbox 655 2670 842 2702; x_wconf 83' lang='lat' dir='ltr'>Benedicti</span> <span class='ocrx_word' id='word_1_325' title='bbox 879 2670 1001 2702; x_wconf 86' lang='lat' dir='ltr'>chron.</span> <span class='ocrx_word' id='word_1_326' title='bbox 1029 2681 1059 2701; x_wconf 89' lang='lat' dir='ltr'>c.</span> <span class='ocrx_word' id='word_1_327' title='bbox 1088 2670 1150 2700; x_wconf 90' lang='lat'>30:</span> <span class='ocrx_word' id='word_1_328' title='bbox 1179 2679 1199 2700; x_wconf 85' lang='lat' dir='ltr'>a</span> <span class='ocrx_word' id='word_1_329' title='bbox 1226 2678 1307 2709; x_wconf 81' lang='lat' dir='ltr'>rege</span> <span class='ocrx_word' id='word_1_330' title='bbox 1336 2668 1401 2708; x_wconf 67' lang='lat' dir='ltr'>[se.</span> <span class='ocrx_word' id='word_1_331' title='bbox 1430 2671 1535 2709; x_wconf 84' lang='lat' dir='ltr'>capta</span> 
     </span>
     <span class='ocr_line' id='line_1_44' title="bbox 54 2715 1536 2763; baseline -0.005 -9"><span class='ocrx_word' id='word_1_332' title='bbox 54 2722 119 2754; x_wconf 87' lang='lat' dir='ltr'>fuit</span> <span class='ocrx_word' id='word_1_333' title='bbox 146 2722 270 2754; x_wconf 85' lang='lat' dir='ltr'>civitas</span> <span class='ocrx_word' id='word_1_334' title='bbox 296 2719 495 2763; x_wconf 81' lang='lat' dir='ltr'>Leoniana)</span> <span class='ocrx_word' id='word_1_335' title='bbox 523 2721 579 2752; x_wconf 86' lang='lat' dir='ltr'>cui</span> <span class='ocrx_word' id='word_1_336' title='bbox 605 2729 731 2751; x_wconf 89' lang='lat' dir='ltr'>nomen</span> <span class='ocrx_word' id='word_1_337' title='bbox 760 2722 834 2750; x_wconf 82' lang='lat' dir='ltr'>erat</span> <span class='ocrx_word' id='word_1_338' title='bbox 859 2718 1042 2758; x_wconf 84' lang='lat' dir='ltr'>Arnulfus;</span> <span class='ocrx_word' id='word_1_339' title='bbox 1078 2718 1191 2749; x_wconf 85' lang='lat' dir='ltr'>ferunt</span> <span class='ocrx_word' id='word_1_340' title='bbox 1217 2726 1366 2757; x_wconf 86' lang='lat' dir='ltr'>namque</span> <span class='ocrx_word' id='word_1_341' title='bbox 1396 2715 1488 2756; x_wconf 85' lang='lat' dir='ltr'>quod</span> <span class='ocrx_word' id='word_1_342' title='bbox 1516 2725 1536 2745; x_wconf 82' lang='lat' dir='ltr'>a</span> 
     </span>
     <span class='ocr_line' id='line_1_45' title="bbox 55 2763 1534 2811; baseline -0.005 -9"><span class='ocrx_word' id='word_1_343' title='bbox 55 2769 152 2803; x_wconf 85' lang='lat' dir='ltr'>sellis</span> <span class='ocrx_word' id='word_1_344' title='bbox 179 2769 394 2802; x_wconf 85' lang='lat' dir='ltr'>caballorum</span> <span class='ocrx_word' id='word_1_345' title='bbox 420 2769 544 2801; x_wconf 85' lang='lat' dir='ltr'>fuisset</span> <span class='ocrx_word' id='word_1_346' title='bbox 570 2777 777 2811; x_wconf 81' lang='lat' dir='ltr'>appreensa.</span> <span class='ocrx_word' id='word_1_347' title='bbox 879 2767 914 2806; x_wconf 84' lang='grc'>6)</span> <span class='ocrx_word' id='word_1_348' title='bbox 943 2767 1041 2806; x_wconf 80' lang='lat' dir='ltr'>Quae</span> <span class='ocrx_word' id='word_1_349' title='bbox 1068 2769 1269 2807; x_wconf 85' lang='lat' dir='ltr'>sequuntur,</span> <span class='ocrx_word' id='word_1_350' title='bbox 1297 2774 1318 2794; x_wconf 85' lang='lat' dir='ltr'>a</span> <span class='ocrx_word' id='word_1_351' title='bbox 1345 2763 1534 2796; x_wconf 83' lang='lat' dir='ltr'>collectore</span> 
     </span>
     <span class='ocr_line' id='line_1_46' title="bbox 55 2812 1534 2860; baseline -0.005 -9"><span class='ocrx_word' id='word_1_352' title='bbox 55 2819 219 2851; x_wconf 85' lang='lat' dir='ltr'>historiae</span> <span class='ocrx_word' id='word_1_353' title='bbox 246 2817 448 2860; x_wconf 85' lang='lat' dir='ltr'>pontificum</span> <span class='ocrx_word' id='word_1_354' title='bbox 476 2818 711 2849; x_wconf 83' lang='lat' dir='ltr'>Romanorum</span> <span class='ocrx_word' id='word_1_355' title='bbox 740 2815 803 2847; x_wconf 86' lang='lat' dir='ltr'>sub</span> <span class='ocrx_word' id='word_1_356' title='bbox 830 2814 918 2846; x_wconf 70' lang='lat' dir='ltr'>falso</span> <span class='ocrx_word' id='word_1_357' title='bbox 946 2814 1164 2856; x_wconf 84' lang='lat' dir='ltr'>Liudprandi</span> <span class='ocrx_word' id='word_1_358' title='bbox 1194 2813 1332 2845; x_wconf 85' lang='lat' dir='ltr'>nomine</span> <span class='ocrx_word' id='word_1_359' title='bbox 1369 2812 1534 2853; x_wconf 83' lang='lat' dir='ltr'>vulgatae</span> 
     </span>
     <span class='ocr_line' id='line_1_47' title="bbox 54 2867 604 2908; baseline -0.002 -10"><span class='ocrx_word' id='word_1_360' title='bbox 54 2868 90 2899; x_wconf 84' lang='lat' dir='ltr'>in</span> <span class='ocrx_word' id='word_1_361' title='bbox 116 2867 284 2899; x_wconf 83' lang='lat' dir='ltr'>Formoso</span> <span class='ocrx_word' id='word_1_362' title='bbox 312 2867 487 2908; x_wconf 83' lang='lat' dir='ltr'>exscripta</span> <span class='ocrx_word' id='word_1_363' title='bbox 514 2869 604 2898; x_wconf 84' lang='lat' dir='ltr'>sunt.</span> 
     </span>
    </p>
   </div>
   <div class='ocr_carea' id='block_1_5' title="bbox 1210 2929 1228 2958">
    <p class='ocr_par' dir='ltr' id='par_1_16' title="bbox 1210 2929 1228 2958">
     <span class='ocr_line' id='line_1_48' title="bbox 1210 2929 1228 2958; baseline 0 0"><span class='ocrx_word' id='word_1_364' title='bbox 1210 2929 1228 2958; x_wconf 75' lang='lat'>2</span> 
     </span>
    </p>
   </div>
   <div class='ocr_carea' id='block_1_6' title="bbox 1551 582 1638 646">
    <p class='ocr_par' dir='ltr' id='par_1_17' title="bbox 1551 582 1638 646">
     <span class='ocr_line' id='line_1_49' title="bbox 1551 582 1617 608; baseline 0 -1"><span class='ocrx_word' id='word_1_365' title='bbox 1551 582 1617 608; x_wconf 71' lang='grc'>896.</span> 
     </span>
     <span class='ocr_line' id='line_1_50' title="bbox 1551 621 1638 646; baseline 0.011 -1"><span class='ocrx_word' id='word_1_366' title='bbox 1551 621 1638 646; x_wconf 65' lang='lat' dir='ltr'>Febr.</span> 
     </span>
    </p>
   </div>
  </div>
 </body>
</html>
