1902 3200
223 207 523 241 LIUDPRANDI
551 205 891 238 ANTAPODOSIS.
944 205 1036 237 LIB.
1065 206 1127 237 IV.
1180 206 1333 238 27—28.
1481 206 1523 238 95

50 318 259 371 ‘Consule,
296 312 385 370 reX,
426 314 547 356 saluti
584 321 692 368 tuae,
728 314 822 356 loca
857 314 960 356 haec
998 313 1193 356 descrens
1225 321 1265 355 et
1296 315 1524 357 Saxoniam
1539 328 1603 354 939.

49 382 208 430 petens.
266 372 354 413 Nec
385 369 492 411 clam
522 377 561 411 16
592 376 666 423 651,
698 371 811 425 quod
841 370 1066 411 Heinricus
1096 369 1223 411 frater
1251 377 1347 410 tuus
1369 369 1524 411 bellum

49 430 125 471 tibi
155 428 307 470 inferre
338 432 528 478 conetur,
575 427 647 481 qui
687 427 721 466 si
761 433 847 467 tam
884 440 1035 481 parvas
1073 432 1213 466 tecum
1251 439 1341 465 esse
1382 426 1524 480 copias

50 484 236 535 senserit,
280 484 338 523 ita
377 482 505 522 irruet
542 482 796 535 repentinus,
842 488 888 522 ut
923 494 1000 522 nec
1036 480 1226 534 fugiendi
1263 480 1433 534 quidem
1474 482 1526 521 sit

47 539 178 580 locus.
250 536 401 578 Melius
446 542 508 577 est
550 536 680 590 igitur
722 543 914 592 reparato
959 537 1146 578 exercitu
1190 536 1342 576 iterum
1377 535 1526 588 redire,

49 609 175 649 quam
216 600 289 634 aut
327 592 433 633 mori
477 592 639 645 misere,
683 599 756 633 aut
799 592 977 646 turpiter
1010 591 1179 647 fugcre'.
1240 590 1407 643 Quibus
1451 605 1526 631 rex

46 648 349 704 inperterritus,
391 654 436 688 ut
476 647 688 702 quondam
733 649 819 688 suis
864 647 990 688 Iudas
1035 653 1313 702 cognomento
1358 645 1526 686 Macha-

6 707 8 709 ’
47 704 172 746 beus:
213 701 388 755 ‘Nolite’,
427 703 496 755 ait,
539 701 677 744 ‘nolite
708 702 806 743 talia
841 702 975 758 10(1111,
1026 710 1065 744 61
1100 703 1134 743 51
1172 701 1733 757 adpropinquavitmacc-210.

45 767 212 815 tempus
255 765 458 810 nostrum,
503 758 733 798 moriamur
775 759 816 798 in
861 759 1026 810 virtute,
1077 765 1117 798 ct
1164 772 1248 799 non
1297 757 1525 798 inferamus

47 815 203 856 crimen
234 813 393 868 gloriae
434 820 612 854 nostrae.
678 813 829 854 Melius
869 821 931 855 cst
968 814 1077 854 enim
1120 827 1195 868 pro
1231 828 1331 854 vera
1367 812 1525 853 iustitia

47 878 225 911 mortem
257 868 409 921 subire,
441 883 568 923 quam
591 883 683 909 63111
705 868 905 923 fugiendo
927 869 1106 924 turpiter
1124 870 1278 911 vivere.
1329 868 1526 923 Denique
1579 907 1582 910 ,

46 926 80 966 51
124 924 215 967 11105
262 924 329 965 (161
375 924 624 965 01·(11113110111
660 924 913 977 resistentes,
951 923 1157 965 auxilium
1198 940 1221 965 a
1259 923 1525 965 multitudine

46 980 135 1022 sola
179 989 219 1022 et
258 994 341 1021 non
380 994 404 1019 a
442 979 520 1020 deo
560 986 788 1033 sperantes,
833 980 985 1021 iniuste
1025 979 1205 1035 preliari,
1249 980 1354 1020 mori
1395 986 1435 1020 ct
1473 978 1526 1019 ad

44 1034 358 1077 inremissibiles
396 1033 537 1081 herebi
577 1048 734 1088 poenas
772 1034 1027 1076 descendere
1067 1036 1193 1087 iuvat,
1234 1034 1527 1075 nichilominus

43 1105 120 1132 nos
150 1091 279 1130 immo
311 1090 450 1130 acrius
481 1103 669 1143 pugnare
691 1089 881 1142 delectet,
913 1090 985 1145 qui
1014 1097 1054 1131 et
1075 1089 1243 1145 preliari
1264 1104 1339 1143 pro
1362 1089 1527 1130 iusticia

46 1147 194 1199 securi,
225 1153 265 1187 et
294 1144 524 1200 preliandO,
556 1145 589 1185 si
621 1158 710 1185 sors
742 1146 876 1186 carnis
917 1145 1137 1187 universae
1168 1145 1380 1197 acciderit,
1413 1158 1527 1185 secu-

44 1202 131 1243 rius
180 1215 407 1256 possumus
458 1200 575 1240 mori.
650 1200 759 1241 Nam
808 1215 884 1255 pro
934 1201 1100 1241 iusticia
1148 1207 1422 1256 pugnatum&
1474 1199 1526 1241 ob

45 1257 261 1312 copiarum
292 1256 547 1311 paucitatem
579 1262 675 1296 ante
706 1270 876 1311 pugnae
907 1257 1242 1311 experimentum
1272 1263 1388 1311 terga
1414 1255 1526 1308 dare,

43 1312 122 1354 deo
154 1311 343 1353 diffidere
374 1310 458 1352 est'.
523 1310 604 1352 His
642 1311 764 1352 dictis
801 1326 885 1352 non
926 1311 1061 1353 solum
1099 1327 1168 1353 eos
1208 1327 1233 1352 a
1271 1312 1397 1367 fugae
1435 1326 1527 1367 pro-

42 1368 178 1424 posito
222 1367 447 1418 revocavit,
492 1381 639 1407 verum
685 1367 822 1420 etiam,
875 1374 921 1409 ut
964 1367 1234 1409 vehementer
1277 1373 1525 1423 pugnarent,

42 1423 234 1479 protinus
265 1423 477 1463 animavit.

155 1479 220 1520 28.
279 1478 423 1519 Unum
444 1483 598 1530 autem,
629 1492 771 1531 unum,
803 1485 922 1533 pater
948 1479 1129 1534 egregie,
1160 1478 1285 1519 velim
1307 1478 1615 1534 diligente1·(15.>

44 1533 266 1585 adtendas3
316 1533 430 1589 quod
475 1547 570 1573 cum
620 1533 815 1587 audieris,
860 1533 953 1589 plus
999 1549 1094 1575 eum
1139 1534 1266 1575 animi
1311 1534 1526 1590 passiones

43 1604 170 1644 quam
208 1588 347 1630 hostes
386 1588 537 1629 vicisse
576 1589 808 1630 miraberis.
877 1589 1135 1630 Huiusmodi
1172 1591 1340 1631 vincere
1381 1590 1526 1631 adver-

43 1645 186 1697 sarios,
218 1645 483 1699 permittente
514 1644 606 1693 deo,
637 1658 956 1700 nonnumquam
988 1653 1027 1686 et
1057 1652 1299 1700 peccatores
1329 1652 1525 1701 1105511111,

43 1701 336 1741 inconcussam
366 1707 506 1740 autem
536 1699 665 1740 animi
703 1707 844 1741 tenere
879 1702 1088 1753 virtutem,
1125 1701 1337 1756 prosperis
1369 1700 1527 1742 scilicet

42 1770 127 1796 non
158 1754 311 1797 elevari
342 1762 383 1796 et
411 1755 598 1796 adversis
629 1769 713 1795 non
753 1755 903 1809 fiangi,
940 1756 1223 1810 perfectorum
1261 1755 1525 1797 solummodo

44 1818 118 1853 est.
176 1809 293 1852 Audi
323 1811 453 1864 igitur
482 1810 525 1850 in
555 1816 669 1851 tanta
699 1810 778 1852 1136
818 1811 1047 1852 fluctuante
1084 1810 1281 1866 procella,
1315 1826 1397 1867 quo
1428 1810 1527 1852 fidei

44 1880 170 1921 supra
200 1872 374 1921 petram,
407 1880 515 1920 quae
538 1864 732 1906 Christus
763 1874 836 1919 est,
870 1867 922 1907 sit
942 1867 1091 1908 ardore
1113 1866 1326 1908 fundatus.
1373 1866 1525 1908 Comes

45 1920 217 1978 quidam
260 1929 360 1962 tunc
398 1920 593 1976 predives
625 1935 768 1962 secum
801 1929 900 1975 erat,
935 1923 1056 1963 cuius
1086 1922 1313 1964 multitudo
1344 1922 1526 1963 militum

43 1977 154 2032 regis
184 1976 318 2018 aciem
349 1975 670 2018 condecorabat.
730 1977 814 2018 Hic
851 1978 993 2033 itaque
1033 1978 1194 2030 videns,
1233 1993 1360 2034 quam
1400 1977 1527 2033 pluri-

43 2047 133 2074 mos
164 2047 218 2074 ex
248 2033 359 2087 regis
389 2033 477 2074 acie
509 2033 740 2075 desertores
771 2048 820 2074 ac
851 2033 1090 2089 transfugas
1111 2033 1215 2086 fieri,
1246 2048 1330 2074 non
1359 2034 1526 2076 interio-

45 2102 134 2130 rem
183 2088 257 2129 sed
307 2089 557 2130 exteriorem
615 2089 886 2130 considerans
935 2089 1166 2142 hominem,
1223 2091 1374 2131 tacitus
1422 2089 1526 2131 haec

43 2158 185 2186 secum
234 2142 401 2185 volvere
447 2146 574 2199 cepit:
621 2144 851 2199 ‘Quicquid
890 2159 1035 2200 regem
1079 2146 1122 2185 in
1165 2145 1245 2186 hac
1288 2146 1526 2187 turbatione

44 2199 317 2241 constitutum
348 2200 519 2255 petiero,
551 2200 640 2240 sine
671 2199 801 2241 dubio
832 2200 1081 2256 impetrabo,
1112 2201 1331 2255 presertim
1364 2216 1461 2242 cum
1486 2207 1526 2242 et

44 2270 139 2297 acre
183 2254 340 2296 bellum
385 2255 507 2297 nobis
550 2255 778 2308 immineat,
827 2270 877 2297 ac
925 2271 977 2297 ne
1023 2271 1066 2298 se
1117 2256 1307 2298 deseram
1356 2257 1524 2298 timeat⁷.

43 2311 210 2352 Nuntiis
240 2311 383 2366 itaque
414 2311 595 2363 directis,
626 2311 717 2365 regi
748 2311 970 2367 supplicat,
1000 2319 1046 2353 ut
1075 2311 1290 2354 abbatiam
1312 2312 1523 2368 quandam

44 2365 286 2408 Laresheim
317 2366 539 2420 dictamla,
571 2366 728 2422 prediis
760 2367 1025 2420 ditissimam,
1067 2368 1104 2410 ei
1135 2368 1354 2421 concedat,
1403 2368 1522 2408 cuius

44 2422 378 2478 possessionibus
409 2423 523 2478 quod
554 2422 633 2464 sibi
665 2423 808 2464 deerat
843 2438 892 2464 ac
931 2423 1134 2465 militibus
1172 2424 1257 2464 suis
1288 2424 1524 2464 ministrare

43 2477 266 2533 prevaleat.
338 2478 432 2520 Rex
476 2486 629 2530 autem,
669 2477 911 2520 columbina
950 2494 1034 2521 non
1072 2478 1207 2520 solum
1245 2479 1317 2521 sed
1355 2486 1401 2520 ut
1437 2485 1524 2519 erat

43 2533 261 2588 vipperina
290 2532 517 2576 ealliditate
549 2535 855 2587 suffarcinatus,
887 2548 970 2575 non
992 2535 1071 2576 hoc
1094 2534 1208 2590 quod
1229 2534 1522 2589 portenderetb

43 2588 373 2631 animadvertere
417 2590 588 2631 minime
633 2590 787 2645 potuit,
838 2590 949 2631 unde
994 2598 1034 2632 ct
1077 2590 1319 2631 huiusmodi
1362 2589 1519 2630 nuntiis

43 2708 72 2741 a)
96 2710 115 2734 l.
139 2709 165 2735 d.
189 2709 227 2734 ad
247 2717 336 2742 mam.
360 2712 384 2735 1.
408 2711 506 2735 desunt
529 2710 554 2735 3.
579 2711 763 2736 lauresheim
788 2712 812 2735 2.
837 2711 1020 2737 lauresheim
1044 2712 1091 2736 vel
1116 2710 1277 2736 loresheim
1302 2710 1328 2735 ὃ.
1404 2709 1434 2742 b)
1458 2716 1522 2741 por—

42 2748 185 2774 denderet
210 2750 234 2773 1.

47 2833 81 2877 1)
107 2835 251 2877 Lorsch‚
279 2836 337 2869 ubi
367 2837 497 2869 Editha
524 2838 647 2879 regina
674 2841 756 2869 tunc
786 2837 1076 2870 commorabatur.
