1853 3209
70 360 233 385 886-912.

179 1449 230 1481 (ὃ.)

163 1489 230 1514 392.

126 2420 231 2445 Matth.

124 2460 169 2492 16,
187 2460 232 2486 26.

102 2527 149 2560 ’μ
165 2529 231 2554 280.

252 239 294 269 12
456 240 757 272 LIUDPRANDI
783 241 1127 274 ANTAPODOSIS.
1180 242 1272 273 LIB.
1300 242 1328 273 Ι.
1384 242 1535 272 12-13.

1201 334 1216 347 «

249 363 335 389 non
365 348 576 402 deterruit,
617 350 690 391 sed
719 350 893 392 hilarem
932 350 1127 392 reddidit.
1187 351 1224 391 O
1256 351 1414 392 utinam
1443 353 1731 407 interpretatio

249 403 331 444 alia
379 405 554 459 imperio
604 411 675 445 tuo
724 419 809 445 11011
857 404 1033 459 placeat.
1107 405 1217 445 Nam
1263 414 1303 447 et
1345 421 1411 447 me
1462 423 1615 459 μαντην
1664 423 1733 449 και

250 464 510 515 ονιροπολον,
541 461 702 501 mantin
731 460 785 501 ke
817 459 1076 514 oniropolon,
1122 460 1166 500 id
1206 468 1268 501 est
1297 461 1487 502 divinum
1517 470 1558 503 et
1580 464 1732 503 somnii

248 514 525 567 venditorem,
556 530 645 556 esse
673 514 833 570 liquido
864 514 1002 570 patet'.
1061 515 1140 556 His
1175 516 1342 568 auditis,
1381 532 1534 572 magno
1565 525 1627 559 est
1656 519 1732 559 im-

249 576 418 625 perator
461 570 666 611 cachinno
703 569 894 622 inflatus,
948 584 1096 611 verum
1135 571 1403 625 prudentiam
1441 572 1565 614 huius
1605 580 1732 629 atque

251 624 578 666 sollicitudinem
617 624 712 680 plus
751 625 1003 678 admiratus,
1047 626 1238 680 protinus
1281 626 1393 667 infit:
1444 628 1646 669 ‘Antehac
1686 641 1732 670 σε

250 696 343 722 orta
375 696 528 732 μαντην
560 695 653 722 ουτε
684 685 944 737 ονιροπολον,
977 687 1051 721 sea
1079 686 1150 722 ute
1180 681 1341 722 mantin
1369 689 1439 723 ute
1471 684 1732 739 oniropolon,

248 743 288 777 te
328 751 466 791 neque
508 736 698 776 divinum
736 751 871 791 neque
916 736 1068 776 somnii
1110 735 1372 777 venditorem
1417 752 1529 790 esse,
1573 739 1732 781 audivi.

248 791 373 831 Hanc
402 806 502 832 vero
534 806 623 832 rem
663 806 776 832 nunc
807 793 865 832 ita
894 798 1038 845 aperte
1079 791 1208 843 dixti,
1248 798 1294 832 ut
1332 791 1436 832 nihil
1475 794 1733 836 circuitionis

248 861 350 887 usus
396 862 523 888 esses.
598 846 684 888 Sed
729 847 828 902 quia
856 845 1063 900 vigilandi
1091 846 1334 888 facultatem
1365 848 1454 888 sive
1484 850 1733 903 auspicandi

248 902 466 942 scientiam
497 902 653 943 habere
682 915 766 942 non
796 916 956 957 posses,
994 902 1075 942 nisi
1115 901 1256 943 divino
1295 902 1373 944 tibi
1413 910 1522 944 esset
1558 919 1733 946 munere

248 957 407 1009 datum,
441 971 513 999 3611
542 972 691 998 verum
722 958 786 1009 sit,
818 963 864 998 ut
893 972 1126 1012 speramus,
1157 958 1286 998 immo
1308 958 1533 1011 credimus,
1566 974 1639 1000 3611
1659 959 1733 1001 fal-

248 1027 353 1063 sum,
395 1017 537 1060 καθως
579 1029 601 1054 0
642 1017 882 1064 Λουκιανος,
938 1013 1082 1054 cathos
1120 1027 1143 1053 0
1183 1012 1392 1066 lukianos,
1442 1014 1485 1054 id
1524 1021 1586 1056 est
1626 1016 1734 1057 sicut

245 1068 460 1109 Lucianus
492 1068 544 1109 de
576 1068 762 1124 quodam
802 1068 944 1117 dicit1,
981 1068 1095 1123 quod
1135 1068 1347 1110 dormiens
1377 1069 1508 1110 multa
1537 1085 1733 1126 reppere-

246 1124 300 1164 rit
328 1131 455 1179 atque
486 1138 511 1163 a.
540 1123 650 1179 gallo
682 1125 862 1165 exitatus
892 1123 996 1164 nihil
1024 1125 1242 1177 invenerit,
1283 1131 1328 1165 tu
1357 1131 1499 1166 tamen
1529 1126 1734 1182 quicquid

246 1179 416 1230 videris,
450 1179 654 1235 quicquid
676 1180 868 1233 senseris,
899 1179 1102 1235 quicquid
1123 1180 1247 1221 etiam
1268 1181 1491 1233 inveneris,
1512 1187 1632 1222 tuum
1654 1183 1733 1223 sit⁷.

246 1235 326 1275 His
358 1234 525 1287 auditis,
558 1243 714 1290 quanta
746 1236 898 1277 caeteri
929 1236 1012 1276 sint
1033 1235 1277 1277 confusione
1298 1236 1459 1292 repleti,
1490 1245 1733 1292 quantoque

246 1290 314 1330 1116
347 1291 399 1331 sit
426 1290 584 1344 gaudio
620 1289 782 1347 plenus,
822 1305 968 1331 eorum
1009 1292 1187 1347 quisque
1217 1291 1261 1331 in
1292 1306 1335 1332 se
1372 1306 1575 1347 personas
1606 1293 1733 1334 susci-

245 1346 378 1401 piens,
410 1346 747 1387 animadvertere
776 1347 942 1401 poterit.

360 1402 423 1441 13.
467 1401 671 1442 Arnulfus
701 1403 872 1454 interea,
904 1416 1049 1442 earum
1080 1416 1188 1457 quae
1220 1402 1297 1443 sub
1327 1409 1495 1443 arcturo
1518 1410 1615 1444 sunt
1634 1419 1734 1458 gen-

246 1456 349 1497 tium
371 1471 448 1496 rex
468 1457 733 1509 fortissimus,
757 1472 852 1498 611111
870 1456 1177 1498 Centebaldum
1194 1457 1520 1498 Maravanorum
1538 1458 1690 1499 ducem
1703 1467 1731 1511 2,

247 1526 373 1566 quem
396 1526 522 1567 supra
543 1513 885 1563 memoravimus,
907 1513 988 1553 sibi
1008 1512 1182 1553 viriliter
1197 1520 1505 1568 repugnantem
1522 1513 1733 1555 debellare

245 1568 451 1622 nequiret,
474 1567 659 1622 depulsis
680 1568 757 1621 his,
779 1583 855 1623 pro
874 1567 1003 1620 dolor,
1026 1568 1315 1608 munitissimis
1330 1569 1733 1623 interpositionibus,

246 1636 351 1678 quas
396 1622 525 1677 vulgo
578 1623 715 1664 clusas
762 1624 971 1664 nominari
1018 1623 1333 1678 p1=edixin1us³,
1383 1624 1732 1679 Hungariorumh

245 1684 415 1732 gentem
448 1678 659 1734 cupidam,
700 1679 919 1731 audacem,
965 1679 1261 1734 omnipotentis
1293 1679 1361 1719 dei
1390 1680 1604 1734 ignaram,
1645 1695 1732 1722 sce-

243 1733 378 1775 lerum
410 1736 597 1775 omnium
627 1750 713 1775 non
742 1736 932 1787 insciam,
963 1734 1104 1775 caedis
1136 1742 1176 1775 et
1205 1735 1445 1789 rapinarum
1470 1734 1732 1777 solummodo

245 1789 426 1841 avidam,
459 1791 502 1830 in
532 1790 737 1830 auxilium
770 1798 993 1842 convocat3
1025 1791 1058 1830 si
1080 1798 1219 1831 tamen
1241 1790 1446 1831 auxilium
1469 1790 1553 1832 dici
1578 1798 1729 1846 potest,

246 1845 361 1900 quod
390 1844 516 1900 paulo
547 1853 656 1900 post,
689 1860 737 1887 eo
769 1846 983 1897 moriente,
1015 1859 1111 1885 cum
1140 1846 1256 1900 genti
1287 1860 1400 1898 suae,
1435 1852 1525 1886 tum
1556 1847 1732 1888 caeteris

244 1901 289 1940 in
318 1900 493 1942 meridie
516 1915 751 1956 occasuque
773 1900 1025 1955 degentibus
1045 1901 1299 1953 nationibus,
1329 1916 1457 1955 grave
1482 1901 1731 1956 periculum,

244 1956 373 1997 immo
419 1957 597 1998 exitium
641 1957 731 1998 fuit.
806 1956 920 2008 Quid
968 1956 1132 2011 igitur?
1205 1955 1488 1998 Centebaldus
1536 1958 1732 2009 vincitur,

246 2012 510 2066 subiugatur,
542 2012 587 2052 fit
617 2013 884 2064 tributarius,
917 2011 991 2052 sed
1021 2026 1106 2052 non
1127 2011 1251 2052 solus.
1303 2012 1339 2053 O
1362 2027 1503 2053 cecam
1525 2013 1732 2068 regnandi

245 2067 410 2107 Arnulfi
454 2069 565 2122 regis
610 2068 906 2123 cupiditatem!
957 2082 979 2107 0
1024 2066 1232 2108 infelicem
1277 2082 1553 2124 amarumque
1597 2068 1729 2109 diem!

246 2122 383 2163 Unius
423 2122 629 2164 homuntii
669 2124 847 2164 deiectio
879 2123 926 2163 fit
954 2123 1081 2164 totius
1111 2123 1310 2178 Europae
1346 2124 1558 2165 contricio.
1618 2124 1733 2175 Quot

245 2177 490 2219 mulieribus
520 2179 781 2232 viduitatem,
811 2178 1002 2233 patribus
1033 2178 1268 2231 orbitatem,
1300 2178 1536 2234 virginibus
1562 2193 1733 2234 corrup-

246 2235 414 2286 tionem,
446 2234 735 2276 sacerdotibus
765 2233 1018 2289 populisque
1049 2234 1114 2275 dei
1144 2235 1443 2289 captivitatem,
1475 2234 1636 2276 eclesiis
1663 2234 1733 2276 de-

248 2288 507 2342 solationem,
539 2291 661 2331 terris
690 2290 1020 2331 inhabitantibus
1062 2288 1332 2331 solitudinem
1346 2298 1374 2342 ⁰,
1416 2305 1518 2331 ceca
1556 2290 1731 2332 ambitio

247 2346 393 2399 paras!
461 2345 675 2400 Legistin’,
722 2346 911 2397 obsecro,
954 2346 1087 2401 ipsius
1131 2345 1319 2387 veritatis
1361 2346 1493 2387 verba
1532 2345 1730 2387 dicentis:

248 2400 377 2452 ‘Quid
407 2400 580 2456 prodest
601 2401 773 2454 homini,
805 2402 839 2441 si
860 2407 993 2442 totum
1015 2400 1221 2440 mundum
1242 2400 1440 2454 lucretur,
1470 2401 1609 2442 anime
1630 2414 1730 2442 vero

248 2470 349 2496 suae
380 2456 709 2497 detrimentumd
739 2457 942 2512 patiatur,
983 2463 1055 2497 aut
1086 2470 1211 2510 quam
1243 2455 1360 2497 dabit
1388 2456 1512 2497 homo
1545 2471 1731 2497 commu-

248 2512 448 2554 tationem
478 2527 554 2567 pro
576 2513 716 2553 anima
736 2514 822 2553 sua'
835 2511 856 2552 ‘?
904 2513 920 2529 *
935 2511 1061 2563 Quod
1083 2512 1118 2551 31
1139 2518 1179 2552 te
1199 2512 1288 2552 veri
1309 2511 1459 2553 iudicis
1479 2526 1563 2552 non
1584 2511 1733 2553 terruit

250 2652 278 2682 a)
302 2651 373 2674 deest
398 2652 424 2676 1.
505 2649 535 2682 b)
559 2650 794 2681 huncgariorum
819 2651 843 2674 1.
927 2648 954 2683 c)
977 2649 1215 2674 solitududinem
1240 2651 1266 2674 1.
1348 2648 1378 2682 d)
1403 2650 1625 2675 detrImendum
1650 2652 1675 2675 1.

253 2767 288 2809 1)
316 2768 466 2800 Lucian.
495 2767 629 2808 Gallus,
658 2778 688 2799 c.
720 2769 751 2799 1.
836 2766 872 2809 2)
896 2767 960 2807 Qui
990 2767 1079 2799 alias
1107 2767 1345 2810 Suatoplucus
1373 2767 1511 2807 dicitur,
1540 2767 1730 2799 Rastislavi

249 2827 359 2859 nepos
383 2821 417 2848 et
443 2827 636 2856 successor,
664 2815 868 2848 870-894.
949 2814 987 2857 3)
1017 2815 1070 2848 Cf.
1090 2826 1120 2847 c.
1140 2816 1172 2856 5,
1198 2816 1287 2848 Ann.
1310 2816 1469 2858 Sangall.
1497 2817 1618 2849 maior.
1638 2815 1730 2856 892;

250 2864 457 2897 widukind.
508 2865 577 2897 Res
605 2869 693 2906 gest.
722 2864 849 2896 saxon.
878 2865 907 2904 I,
936 2875 965 2896 c.
992 2864 1054 2904 19;
1080 2863 1208 2896 Annal.
1235 2864 1338 2896 Fuld.
1366 2863 1448 2897 892.
