1902 3200
283 221 582 254 LIUDPRANDI
608 218 952 252 ANTAPODOSIS.
1004 220 1096 253 L1ss.
1124 221 1172 254 ΙΙ.
1225 222 1380 254 34—39.
1529 224 1571 254 41

100 333 302 387 sanguine
332 329 556 372 iuvenilem
586 329 759 371 duceret
788 329 930 381 vitam,
961 329 1093 369 mirae
1122 328 1393 371 humanitatis
1429 333 1575 373 mirae-
1591 344 1655 369 900.

101 394 200 442 quea
232 386 463 428 sanctitatis
493 385 582 437 fuit,
614 384 720 425 adeo
751 399 850 425 sane
880 391 926 425 ut
956 385 990 424 si
1021 385 1058 424 ei
1090 398 1114 423 a
1134 386 1354 427 venatione
1385 385 1576 428 redeunti
1591 382 1654 407 0⁰¹·

97 457 261 497 pauper
299 448 535 482 occurreret
547 441 577 492 ¹³,
622 439 820 495 aliudque
865 440 902 480 ei
943 439 1105 481 deesset
1145 440 1258 494 quod
1295 440 1353 480 illi
1391 449 1577 496 prestare

97 497 300 552 nequiret,
333 496 463 537 cornu
492 495 695 551 protinus,
727 496 839 551 quod
861 495 948 536 eius
970 494 1076 535 collo
1107 494 1246 536 fibulis
1266 496 1403 536 aureis
1425 495 1577 551 depen-

98 551 235 604 debat,
267 553 354 592 sine
375 551 573 592 dilatione
595 552 855 603 concederet,
886 564 1138 604 rursumque
1166 551 1218 591 ab
1241 550 1400 603 codem,
1434 554 1576 605 quanti

97 607 383 659 estimabatur,
405 606 656 661 adquireret.
716 607 821 647 Tam
843 605 957 647 dirae
979 612 1119 646 autem
1150 606 1419 660 postmodum
1441 607 1577 648 factus

99 669 161 705 est
189 661 339 715 famae,
371 668 418 702 ut
447 661 687 702 huiusmodi
718 676 819 703 vera
850 661 901 702 (le
932 676 980 702 eo
1011 667 1097 701 tam
1128 675 1152 700 a
1182 662 1411 703 maioribus
1451 676 1577 717 quam

95 731 120 758 a
149 719 293 773 pueris
325 718 461 758 cantio
493 718 712 758 diceretur.
771 718 827 758 Et
859 717 958 772 quia
988 717 1179 757 sonorius
1211 724 1284 769 est,
1321 732 1445 770 grece
1475 717 1577 758 illud

95 772 304 814 dicamus:
337 774 628 829 (Αδελβὲρτοςῦ
668 773 788 824 κόμις
819 787 1016 828 κουρτης,
1056 773 1381 826 μακροσπάθης,
1412 775 1578 825 γουνδο-

96 841 245 881 πιστις,
284 828 535 870 Adelbertos
574 829 705 869 comis
736 829 875 881 curtis,
916 828 1235 883 macrospathis,
1280 828 1576 883 gundopistis’3

95 898 178 948 quo
219 884 482 939 significatur
520 892 561 925 et
592 883 760 937 dicitur,
800 883 924 938 longo
957 884 1083 924 eum<¹
1114 885 1174 925 uti
1206 899 1303 925 ense
1335 891 1375 925 et
1404 884 1578 924 minima

94 939 189 981 11110.

205 995 270 1035 35.
315 995 454 1035 Η111115
486 994 666 1049 denique
698 994 961 1049 aliorumque
992 993 1287 1034 nonnullorum
1318 994 1577 1036 Italiensium

92 1049 260 1090 hortatu
304 1049 491 1105 prefatus
529 1049 794 1090 Hulodoicus
840 1050 881 1089 in
926 1049 1090 1089 Italiam
1136 1050 1291 1089 venit1.
1352 1050 1432 1091 Cui
1477 1065 1577 1090 mox
1593 1066 1658 1092 902.

93 1104 390 1160 Berengarius,
413 1112 459 1161 ut
481 1105 690 1159 cognovit,
723 1104 891 1145 obviam
914 1104 1059 1145 tendit.
1097 1104 1290 1159 Cumque
1312 1104 1577 1146 Hulodoicus

92 1159 351 1216 Berengario
384 1160 463 1202 sibi
496 1160 664 1201 obviam
695 1160 881 1200 venienti
913 1174 1089 1213 magnas
1120 1159 1267 1200 adesse
1300 1161 1456 1215 copias,
1499 1161 1577 1202 sibi

92 1230 192 1257 vero
226 1223 415 1258 cerneret
443 1230 610 1270 parvas,
655 1215 925 1256 iureiurando
970 1216 1007 1257 ei
1038 1214 1116 1256 hoc
1147 1222 1305 1256 terrore
1338 1216 1579 1271 compulsus

91 1272 296 1327 promisit,
337 1279 384 1313 ut
424 1273 457 1312 si
499 1286 543 1312 se
574 1278 673 1312 tunc
705 1270 944 1323 dimitteret,
986 1270 1197 1327 aliquibus
1228 1271 1578 1326 promissionibus

90 1327 249 1368 accitus
280 1326 461 1382 amplius
491 1327 534 1366 in
555 1326 722 1367 Italiam
752 1341 838 1367 non
858 1328 1031 1368 veniret.
1089 1327 1268 1368 Fecerat
1287 1341 1476 1382 namque
1499 1328 1578 1369 sibi

90 1382 374 1438 Berengarius
410 1382 601 1437 plurimis
642 1382 818 1423 conlatis
859 1382 1102 1424 muneribus
1133 1382 1421 1435 Adelbertum,
1453 1383 1578 1424 Tuss-

92 1452 236 1479 corum
281 1439 700 1494 prepotentissimum
746 1437 1054 1490 marchionem,
1105 1437 1185 1479 sibi
1227 1437 1349 1479 valde
1397 1438 1577 1491 fidelem,

91 1504 217 1550 atque
249 1494 343 1535 ideo
375 1493 639 1534 Hulodoicus
670 1501 755 1534 tam
786 1493 907 1534 facile
938 1500 1000 1534 est
1030 1493 1245 1549 expulsus.

85 1559 87 1561 ’
202 1550 267 1591 36.
313 1549 483 1590 Modica
511 1564 609 1590 vero
641 1550 842 1603 temporis
872 1556 1114 1590 transcursa
1144 1549 1469 1604 intercapedine,
1502 1564 1579 1590 rex

89 1605 372 1660 Berengarius
416 1606 631 1646 nominato
672 1604 901 1646 Adelberto
943 1605 1085 1659 gravis
1126 1612 1188 1646 est
1218 1605 1346 1645 visus.
1407 1605 1487 1646 Cui
1518 1605 1578 1646 rei

89 1661 218 1701 Berta
248 1661 404 1701 coniux
435 1675 522 1713 sua,
554 1661 665 1716 regis
688 1661 884 1715 Hugonis
916 1661 988 1715 qui
1018 1668 1159 1701 nostro
1192 1667 1287 1714 post
1317 1667 1504 1714 tempore
1534 1661 1578 1700 111

90 1715 215 1758 Italia
246 1716 441 1771 regnavit
460 1724 607 1768 mater,
637 1730 721 1756 non
742 1715 907 1757 modice
937 1716 1123 1757 fomitem
1145 1715 1421 1756 ministrabat.
1453 1716 1577 1757 Unde

88 1771 248 1812 factum
279 1778 354 1819 est,
398 1778 445 1812 ut
475 1771 663 1812 consulto
703 1771 851 1812 eodem
881 1770 1112 1812 Adelberto
1154 1770 1407 1822 marchione,
1449 1772 1577 1812 ceteri

89 1827 308 1868 Italienses
328 1828 544 1882 principes
566 1834 739 1881 propter
760 1825 938 1867 eundem
956 1826 1257 1874 Hulodoicum‚
1280 1834 1327 1867 ut
1346 1826 1575 1879 adveniret,

89 1883 430 1924 transmitterent.
492 1882 576 1934 Qui
599 1882 829 1937 cupiditate
859 1881 1076 1937 regnandi,
1106 1881 1379 1922 iurisiurandi
1410 1881 1576 1935 oblitus,

91 1939 280 1980 concitus
310 1939 353 1978 in
382 1938 548 1979 Italiam
578 1939 706 1979 venit.

199 1995 265 2035 37.
310 1993 471 2035 Videns
508 1995 650 2049 itaque
690 1994 987 2048 Berengarius,
1034 1992 1147 2048 quod
1187 1992 1450 2033 Hulodoicus
1489 2001 1654 2035 10111905.

89 2048 141 2090 ab
172 2049 433 2091 Italiensium
475 2064 600 2105 quam
631 2064 655 2089 a
686 2049 921 2089 Tuscorum
962 2049 1269 2103 sussciperetur
1297 2048 1574 2104 principibus,

89 2105 302 2147 Veronam
333 2105 546 2161 profectus
577 2112 651 2146 est.
710 2104 976 2145 Hulodoicus
1014 2119 1114 2145 vero
1155 2119 1251 2145 eum
1283 2118 1379 2144 011111
1408 2103 1574 2145 Italien-

89 2161 204 2202 sibus
234 2161 431 2216 persequi
460 2176 544 2201 non
575 2160 799 2212 desistens,
841 2161 881 2200 V
884 2167 1037 2201 eronae
1079 2159 1196 2200 illum
1238 2160 1364 2201 etiam
1400 2159 1575 2215 expulit,

88 2225 309 2271 totumque
341 2217 421 2258 sibi
451 2231 629 2270 regnum
659 2216 834 2257 viriliter
855 2215 1121 2270 subiugavit.

200 2272 266 2313 38.
312 2272 392 2313 His
422 2273 480 2313 ita
500 2272 643 2326 gestis,
674 2272 831 2313 bonum
853 2270 1092 2312 Hulodoico
1124 2278 1186 2312 est
1214 2271 1367 2324 visum,
1399 2278 1445 2312 ut
1467 2272 1575 2312 510111

88 2327 366 2368 circumcirca
408 2327 594 2369 videretf
633 2327 799 2368 Italiam
838 2327 1002 2368 videret
1042 2334 1082 2368 et
1121 2326 1333 2367 Tusciam.
1414 2327 1573 2367 Exiens

89 2382 270 2438 denique
307 2383 453 2438 Papia,
492 2383 804 2438 proficisciturg
842 2383 1017 2435 Lucam,
1053 2383 1127 2424 ubi
1157 2382 1355 2423 1100011101
1385 2382 1573 2437 miroque

88 2446 296 2494 apparatu
326 2439 379 2481 ab
409 2438 638 2481 Adelberto
669 2439 910 2495 suscipitur.

201 2495 266 2536 39.
314 2494 507 2549 Cumque
537 2494 802 2535 Hulodoicus
832 2495 875 2534 in
907 2493 1032 2534 domo
1054 2492 1273 2535 Adelberti
1303 2501 1365 2534 tot
1394 2492 1572 2533 militum

89 2548 300 2604 elegantes
339 2549 486 2592 adesse
526 2551 669 2606 copias
710 2556 919 2602 cerneret,
957 2556 1117 2590 tantam
1158 2549 1284 2590 etiam
1325 2548 1572 2603 dignitatem

90 2668 118 2701 a)
142 2670 279 2705 mireun
303 2672 328 2696 1.
427 2669 458 2702 b)
483 2674 637 2696 occureret
662 2672 688 2698 1.
784 2668 810 2702 c)
834 2669 998 2704 Αδεβερτος
1022 2671 1047 2694 1.
1140 2668 1168 2700 d)
1193 2675 1226 2693 eo
1253 2670 1277 2695 l.
1376 2667 1403 2699 e)
1427 2674 1571 2692 neronam

91 2716 166 2735 corr.
191 2716 305 2735 ueroua
330 2711 354 2735 1.
437 2708 459 2741 f)
483 2710 620 2735 viderat?
701 2708 730 2742 g)
754 2709 910 2741 proficitur
934 2710 959 2734 1,

92 2805 128 2848 1)
156 2807 266 2839 Taeet
292 2808 350 2840 hic
377 2813 499 2841 auctor
527 2809 569 2840 de
597 2808 800 2841 Hludowici
829 2808 1093 2840 consecratione
1116 2805 1341 2849 imperialia.
1364 2805 1430 2836 901
1452 2815 1571 2837 mense

88 2856 281 2888 Februario
307 2856 413 2889 faeta.
