1853 3209
67 1476 198 1511 ·p.287.

210 190 254 221 26

264 301 331 342 23.

265 411 331 452 24.

265 522 330 562 25.

266 576 332 617 26.

264 632 331 672 27.

266 687 332 728 28.

266 743 331 783 29.

267 853 332 893 30.

266 907 332 948 31.

267 1019 334 1061 32.

268 1130 334 1172 33.

268 1242 335 1282 34.

229 1319 238 1325 -
269 1353 335 1394 35.

241 1466 256 1482 *
271 1464 337 1504 36.

270 2076 336 2116 41.

270 2187 336 2227 42.

271 2243 337 2284 43.

272 2354 338 2394 44.

273 2519 339 2560 45.

272 2577 339 2617 46.

273 2687 339 2728 47.

509 189 809 221 LIUDPRANDI
834 189 1178 222 ANTAPODOSIS.
1229 189 1323 221 LIB.
1351 190 1399 222 II.

374 298 587 340 Arnaldus
631 314 803 341 suorum
847 299 1137 341 exhortatione
1185 298 1366 341 militum
1410 299 1601 341 Heinrici
1646 299 1691 341 fit

376 354 494 396 miles
524 355 647 408 regis.

376 410 533 451 Audita
564 409 775 464 Hungarii
805 415 937 450 morte
970 408 1224 463 Chuonradi,
1258 410 1487 451 Saxoniain
1508 409 1692 465 ingredi-

376 472 514 507 untur.

376 521 470 562 Rex
499 519 739 571 Heinricus,
772 532 1028 574 quamquain
1059 519 1262 572 infirmus,
1294 521 1352 561 eis
1384 521 1579 562 occurrit.

378 574 569 627 Qualiter
598 574 653 615 ad
682 589 871 630 pugnam
903 588 1000 614 suos
1031 574 1275 616 exhortatus
1306 577 1359 616 sit
1388 575 1553 617 milites.

376 631 444 672 De
474 631 585 672 bono
615 637 714 671 voto
745 629 937 670 Heinrici
966 630 1090 684 regis.

377 686 444 727 De
475 686 621 727 nuntio
653 686 724 741 qui
745 685 990 739 Hungarios
1016 686 1060 724 in
1079 684 1329 741 Meresburg
1351 701 1440 728 esse
1461 683 1694 727 nuntiabat.

378 742 589 796 Hungarii
634 741 855 782 sciscitatis
901 740 1080 796 captivis
1130 740 1180 781 de
1224 740 1360 794 bello,
1409 741 1694 798 exploratores

378 797 560 838 mittunt.

378 853 446 893 De
478 866 621 906 pugna
652 865 748 892 cuni
778 851 1011 906 Hungariis
1043 852 1279 894 commissa.

377 908 444 949 De
483 908 593 948 bono
635 905 808 947 consilio
847 906 1038 947 Heinrici
1073 907 1184 962 regis
1224 913 1265 948 et
1302 907 1477 949 victoria
1513 907 1615 959 eius,
1658 914 1698 949 et

378 962 453 1004 ubi
484 963 536 1004 sit
566 963 657 1018 ipsa
687 962 853 1017 depicta
884 963 1072 1004 victoria.

378 1019 446 1060 De
476 1017 716 1060 Hulodoico
749 1018 946 1073 quodam,
979 1033 1104 1074 quem
1126 1017 1262 1060 Italici
1293 1032 1417 1073 super
1447 1032 1490 1060 se
1521 1032 1696 1074 regnare

379 1075 571 1116 invitant.

381 1130 507 1182 Quod
546 1128 800 1171 Adelbertus
844 1129 1032 1170 marchio
1078 1129 1156 1170 hoc
1201 1129 1409 1181 effecerit,
1456 1129 1528 1185 qui
1568 1143 1697 1184 gener

380 1186 493 1240 regis
524 1185 772 1239 Berengarii
803 1191 903 1226 erat.

379 1242 446 1282 De
478 1241 628 1282 eodem
657 1240 900 1293 Adelberto,
940 1242 1011 1296 qui
1051 1242 1187 1296 primo
1224 1241 1303 1282 fuit
1340 1238 1480 1281 bonus
1516 1245 1556 1281 et
1585 1247 1697 1295 post-

380 1295 554 1337 modum
583 1296 719 1338 factus
751 1303 813 1338 est
841 1295 988 1337 malus.

380 1352 508 1405 Quod
537 1351 802 1393 Hulodoicus
831 1352 943 1406 regis
974 1351 1222 1406 Berengarii
1251 1358 1407 1393 terrore
1438 1350 1640 1392 iuraverit
1660 1357 1700 1392 et

380 1422 574 1449 reversus
606 1408 671 1448 sit.

382 1463 509 1516 Quod
539 1462 806 1515 Adelbertus,
837 1462 1018 1503 Tusciae
1048 1462 1290 1516 provinciae
1320 1468 1469 1517 potens
1499 1461 1700 1513 marchio,

381 1519 582 1560 instinctu
623 1518 774 1559 Bertae
812 1519 957 1559 uxoris
998 1532 1071 1558 sue
1110 1518 1415 1571 Berengarimn
1453 1517 1620 1569 deserit,
1661 1524 1701 1559 et

380 1581 554 1629 propter
583 1573 883 1625 Hulodoicum,
914 1580 960 1615 ut
988 1574 1140 1625 veniat,
1172 1573 1310 1614 mittit.

328 1662 336 1671 .
382 1629 644 1671 Hulodoicus
689 1629 741 1670 ab
786 1628 1053 1670 Italiensibus
1099 1629 1352 1684 suscipitur,
1403 1635 1444 1669 et
1487 1628 1700 1669 Veronam

271 1742 336 1784 38.

270 1853 336 1894 39.

268 1963 334 2005 40.

382 1686 669 1741 Berengarius
690 1685 826 1739 fugiit,
857 1699 882 1725 a
905 1699 987 1740 qua
1008 1691 1049 1726 et
1069 1683 1271 1739 expulsus
1292 1698 1317 1723 a
1337 1683 1575 1725 Hulodoico
1599 1689 1660 1725 est
1669 1689 1699 1723 ἃ.

382 1741 648 1783 Hulodoicus
672 1741 860 1781 Luccam
890 1740 1174 1795 proficiscitiu·
1204 1746 1243 1781 et
1275 1739 1472 1781 decenter
1501 1739 1554 1781 ab
1576 1738 1700 1780 Adel-

381 1796 499 1838 berto
530 1797 771 1852 suscipitur.

381 1852 646 1893 Hulodoicus
688 1850 741 1893 ob
778 1850 997 1893 Adelberti
1037 1852 1268 1906 potentiam
1306 1850 1463 1892 invidia
1500 1851 1700 1905 tangitur,

383 1909 435 1949 ob
467 1922 593 1964 quain
624 1907 676 1948 ab
707 1907 795 1948 eius
826 1906 1024 1948 fidelitate
1054 1906 1309 1948 Adelbertus
1340 1913 1569 1961 separatur.

378 1964 622 2019 Descriptio
652 1962 908 2004 Veronensis
950 1963 1128 2004 civitatis
1167 1968 1207 2003 et
1242 1961 1425 2003 fluminis
1456 1961 1627 2004 Athesis
1658 1967 1698 2003 et

382 2020 522 2075 pontis
553 2033 681 2073 super
710 2033 819 2060 eum.

383 2074 509 2127 Quod
539 2074 804 2116 Hulodoicus
836 2073 1004 2115 Verone
1040 2073 1215 2129 degens,
1256 2088 1280 2114 a
1308 2073 1566 2128 Berengario
1611 2086 1699 2114 cor-

381 2131 517 2186 ruptis
548 2130 729 2171 civitatis
761 2128 1006 2171 custodibus
1047 2130 1210 2185 capitur
1239 2135 1279 2170 et
1308 2128 1465 2170 lumine
1496 2129 1698 2184 privatur.

381 2187 448 2227 De
479 2185 712 2241 Hungariis
744 2186 816 2241 qui
846 2199 894 2226 eo
925 2192 1112 2239 tempore
1142 2184 1309 2226 Italiam
1340 2184 1564 2226 laniabant.

381 2243 448 2284 De
480 2242 703 2283 Saracenis
734 2242 785 2282 de
806 2241 1059 2293 Fraxeneto,
1092 2242 1165 2296 qui
1194 2247 1357 2296 partem
1386 2239 1534 2282 Italiae
1563 2246 1698 2282 vasta-

383 2297 485 2339 bant
515 2304 556 2338 et
586 2311 720 2352 usque
750 2296 898 2352 Aquas
927 2304 1217 2352 pervenerant.

382 2353 450 2395 De
494 2352 704 2393 Africanis
750 2352 992 2404 Saracenis,
1039 2353 1111 2407 qui
1154 2351 1400 2408 Appuliam,
1445 2350 1698 2403 Calabriam,

384 2409 674 2450 Beneventum
707 2415 1019 2463 occupaverant
1041 2414 1081 2449 et
1098 2407 1370 2449 Garelianum
1391 2406 1599 2449 montemb
1621 2420 1698 2461 pro

385 2464 617 2505 munitione
648 2463 873 2505 habebant.

386 2520 483 2572 Qua
513 2520 732 2560 occasione
765 2518 964 2561 Saraceni
996 2518 1049 2560 ab
1080 2519 1253 2560 Africae
1285 2518 1474 2560 exierint.

385 2574 511 2627 Quod
551 2575 710 2616 domini
749 2574 828 2616 hoc
872 2574 1028 2616 factum
1074 2576 1127 2616 sit
1167 2573 1378 2616 voluntate
1418 2573 1470 2615 ob
1510 2580 1696 2615 nostram

386 2631 702 2673 correctionem.

387 2687 496 2739 Quia
526 2686 734 2728 Iohannes
760 2687 982 2728 Ravennas
1013 2701 1061 2728 eo
1092 2694 1279 2741 tempore
1309 2698 1421 2740 papa
1451 2683 1698 2726 habebatur.

272 2837 362 2860 omine
384 2837 475 2861 scriba
499 2844 630 2862 numeros
651 2838 823 2869 sequentium
845 2838 966 2869 capitum
989 2838 1016 2862 in
1043 2838 1069 2863 1.
1149 2836 1179 2869 b)
1202 2840 1304 2862 monte
1329 2838 1352 2862 1.
1435 2835 1461 2868 c)
1483 2834 1588 2860 affrica
1614 2837 1636 2861 ί.
