1812 3176
519 231 787 264 PRAEFATIO
814 232 1055 265 EDITORIS.
1476 239 1527 269 XI

57 344 104 384 in
142 341 594 397 1ηνεζῃίἠαιὲἰοηι’ῖηιε1
636 342 727 381 suis
766 347 890 394 atque
930 342 975 381 in
1026 342 1129 382 auia
1172 343 1397 397 Haqonis,
1447 347 1526 385 Lo-

57 397 207 448 tharii,
238 397 515 452 Berenfsarii,
552 396 729 447 Ottonis,
760 396 971 437 Iohannis
993 396 1090 447 XII,
1120 396 1276 438 Leonis
1318 399 1429 449 VIII,
1461 401 1526 441 Io-

57 453 219 493 hannis
247 452 370 504 XIII,
415 451 689 493 Constantini
718 451 1083 506 Porphyrogyeniti
1121 457 1156 492 et
1184 452 1424 506 Nicepliori
1455 462 1530 495 aut

57 507 225 548 viderat
265 512 340 547 aut
370 522 397 546 a
428 507 535 547 viris
563 506 655 558 fide
692 507 841 561 dignis
882 506 1104 558 audierat,
1144 506 1246 548 libri
1284 509 1377 548 eius
1420 510 1530 549 inter

49 563 293 616 primarios
324 560 487 602 saeculi
517 560 837 615 decimifontes
866 560 1115 614 referantur
1135 576 1300 603 necesse
1322 569 1392 603 est.
1439 565 1527 604 Ini-

57 631 145 671 qua
161 617 399 657 Illuratorii
420 616 684 670 aliorumque
706 617 756 656 de
771 616 1156 669 Liudprandifide
1176 617 1345 658 «iusticia
1363 624 1530 659 strenue

55 672 248 727 refutare
288 678 464 713 conatus
506 678 562 712 est
595 674 770 726 primus
801 671 988 711 Mei-ram·
1029 672 1073 711 in
1108 674 1450 714 commentatione
1480 675 1530 714 de

56 741 102 768 eo
142 729 306 781 scripta
320 734 347 766 ².
407 727 597 768 Alteram
639 727 687 767 de
727 728 815 767 vita
853 732 888 767 et
924 727 1099 780 scriptis
1130 727 1414 781 Liudprandi
1443 729 1529 769 dis-

48 784 320 836 putationem
358 783 729 823 accuratissimam
770 788 894 836 atque
934 783 1228 823 acutissimam
1268 783 1402 824 edidit
1437 784 1527 825 Ru-

56 836 200 891 dotfus
230 836 494 878 Anastasius
525 838 708 891 Koeplce,
748 838 820 877 cui
847 839 895 878 in
935 843 1106 878 auctore
1143 844 1285 878 nostro
1325 845 1432 878 recte
1464 854 1530 879 esc-

48 891 261 946 plicando
278 893 517 946 PZurimum
535 893 678 933 debere
699 898 824 947 yrato
843 893 986 933 animo
1004 892 1250 944 confitemur
1263 899 1291 932 3.
1314 894 1530 934 Illinutius

56 962 106 988 ac
138 949 327 988 severius
357 949 538 1001 denique
569 947 806 1000 disciplina
838 948 1083 989 Turicensis
1113 948 1398 1002 Liudprandi
1433 950 1530 989 ani-

54 1017 169 1043 mum
215 1017 431 1057 moresque
478 1005 524 1043 in
569 1003 778 1043 iudicium
825 1004 991 1042 vocavit
1039 1009 1222 1043 attamen
1272 1003 1322 1043 de
1364 1006 1531 1045 ratione

55 1059 146 1099 eius
177 1058 395 1098 scribendi
423 1057 635 1098 nonnulla
667 1059 774 1097 scitu
805 1058 941 1111 digna
976 1058 1250 1097 observat-515⁴.

166 1111 354 1166 Scripsit
373 1127 561 1158 sermone
584 1115 629 1154 in
652 1114 897 1153 universnm
911 1127 1042 1165 puro,
1076 1119 1119 1153 at
1141 1112 1333 1153 Graecae
1353 1113 1531 1169 linguae

47 1167 257 1222 peritiam
290 1168 459 1209 vocibus
490 1169 789 1221 sententiisque
819 1169 954 1207 teoetui
975 1168 1132 1207 Latino
1166 1169 1369 1209 z'mmiaetis
1397 1176 1529 1210 osten—

55 1223 152 1264 dere
173 1225 307 1275 niSuS,
331 1223 495 1264 Latina
509 1223 651 1278 paulo
673 1222 967 1277 neyleqentius
990 1224 1150 1275 utitur,-
1182 1224 1353 1264 vocibas
1375 1225 1531 1266 scilicet

53 1278 370 1333 significatione
414 1293 500 1319 non
537 1294 618 1319 sua
652 1278 900 1329 adlzibiti85,
941 1279 1253 1333 oothoqraplzia
1299 1279 1530 1335 negylectass,

41 1332 208 1387 formis
237 1334 457 1375 verborum
495 1334 736 1375 mendosis⁷
768 1340 805 1373 et
835 1335 1040 1388 syntactci8
1071 1336 1216 1374 minus
1256 1341 1371 1376 recta
1412 1350 1531 1376 usus.

59 1386 178 1435 Quae
208 1389 418 1431 vividiore
449 1390 585 1431 colore
623 1390 852 1443 depinyere
891 1388 1035 1441 voluit,
1076 1390 1266 1430 versibus
1305 1390 1533 1444 descripsit

56 1494 91 1538 1)
111 1506 140 1529 e.
155 1506 190 1538 g.
208 1497 427 1538 Merseburgi
445 1497 646 1540 ζωγραφιαν
664 1497 832 1528 victoriae
848 1497 1007 1528 Heinrici
1025 1496 1067 1527 de
1081 1496 1274 1537 Hungariis
1293 1497 1390 1529 vidit.
1406 1497 1455 1540 ΙΙ,
1472 1498 1528 1528 31.

33 1542 92 1586 ’2)
129 1543 408 1576 Denkschriften
445 1545 505 1576 der
539 1544 777 1585 K'dniglichen
811 1544 1007 1576 Akademie
1050 1544 1110 1575 der
1143 1546 1450 1578 VVissenschaften
1488 1557 1529 1578 zu

52 1592 231 1624 Miinchen
257 1593 312 1624 fiir
338 1593 395 1624 die
422 1593 530 1624 Jahre
559 1592 649 1623 1808
678 1604 710 1624 u.
742 1593 846 1625 1809.
897 1593 1074 1624 Miinchen
1109 1592 1212 1626 1811.
1311 1592 1348 1635 3)
1375 1595 1430 1626 De
1458 1596 1530 1626 vita

52 1644 86 1673 et
104 1642 243 1683 scriptis
262 1641 481 1683 Liudprandi
502 1642 748 1673 commentatio
768 1641 945 1680 historica,
965 1641 1119 1672 Berolini
1141 1640 1243 1672 1842.
1345 1642 1379 1679 4)
1395 1643 1442 1674 M.
1458 1644 1528 1674 Bii-

52 1689 188 1730 dinger,
221 1689 541 1730 Untersuchungen
580 1700 640 1720 zur
679 1689 853 1721 mittleren
889 1689 1114 1722 Gcschichte.
1174 1689 1190 1720 Ι
1226 1689 1423 1722 Dandliker
1457 1692 1528 1723 und

48 1736 198 1777 Mulier,
234 1736 440 1778 Liudprand
474 1748 542 1768 von
578 1737 752 1769 Cre'mona
790 1738 861 1768 und
900 1738 996 1769 seine
1036 1737 1205 1776 Quellen,
1245 1737 1395 1780 Leipzig
1425 1739 1527 1771 1871.

50 1784 103 1817 Cf.
133 1784 175 1816 de
201 1785 268 1816 hoc
296 1795 400 1826 opere
427 1784 703 1817 laboriosissimo
730 1796 763 1816 v.
793 1785 899 1826 Sybel
936 1785 1145 1817 historische
1172 1786 1373 1817 Zeitschrift
1399 1787 1527 1827 XXVI,

50 1833 138 1874 2733
165 1833 334 1873 XXVIII,
361 1833 442 1865 233.
592 1833 630 1875 5)
656 1833 782 1865 leviter
808 1833 878 1864 loc-0
904 1833 1010 1864 facile
1029 1833 1076 1873 ΙΙ,
1100 1834 1157 1865 50.
1183 1833 1411 1876 singulosque
1438 1835 1528 1877 pilos

11 1876 13 1878 ’
48 1881 97 1920 ΙΙ,
125 1881 181 1921 49,
209 1882 279 1913 loco
306 1881 514 1923 singulaque
541 1881 624 1924 pila.
726 1880 761 1921 6)
789 1882 885 1913 foere
913 1882 980 1921 ΙΙΙ,
1008 1882 1064 1919 29,
1092 1881 1113 1912 l.
1141 1881 1226 1921 fere,
1254 1886 1439 1923 paroentes
1462 1883 1528 1922 III,

49 1928 106 1966 26,
130 1929 150 1961 l.
177 1933 341 1972 parentes
368 1928 406 1972 (a
432 1930 568 1972 parEre)
596 1929 707 1971 ipsius
734 1928 964 1971 Liudprandi
989 1939 1097 1960 manu
1123 1928 1151 1960 Ο
1170 1929 1305 1970 inserto,
1334 1941 1375 1962 ex
1401 1932 1529 1974 impro-

48 1979 135 2018 viSU,
161 1977 305 2010 fortuitu
332 1978 393 2018 IV,
422 1979 477 2017 25,
504 1978 628 2018 lurica,
656 1979 821 2018 monisse,
846 1979 908 2016 VI,
936 1978 958 2010 Z.
985 1977 1096 2009 lorica
1124 1982 1157 2009 et
1184 1979 1390 2019 munivisse3
1421 1980 1527 2011 infur-

48 2027 146 2058 tunia
171 2027 233 2066 VI,
268 2027 306 2066 1;
341 2025 442 2058 immo
479 2025 524 2057 da
559 2026 662 2058 deum
699 2028 970 2069 omnipotentem
999 2026 1080 2066 VII,
1119 2027 1173 2065 13,
1202 2026 1224 2058 1.
1253 2026 1296 2058 de
1325 2027 1391 2059 deo
1419 2029 1528 2059 omni-

47 2075 194 2116 potenti,
213 2074 306 2116 quod
332 2074 501 2107 hominem
522 2074 651 2107 Italum
662 2074 797 2116 prodit.
900 2073 936 2115 7)
954 2075 1157 2116 phaleribus
1176 2075 1226 2115 ΙΙ,
1246 2075 1301 2114 31,
1322 2076 1344 2108 Z.
1364 2075 1527 2118 phaleris,

49 2122 232 2154 cubiculos
260 2124 282 2155 Z.
310 2123 474 2155 cubicula
500 2124 541 2163 V,
571 2124 627 2164 22,
661 2122 773 2155 verbis
809 2122 1059 2164 deponentibus
1095 2128 1155 2154 aut
1173 2124 1297 2165 forma
1325 2124 1439 2156 activa
1467 2130 1527 2156 aut

48 2169 302 2213 significatione
323 2171 474 2213 passiva
500 2171 694 2213 usurpatis,
731 2171 970 2214 depopulabat
996 2172 1023 2211 I,
1052 2171 1114 2211 38,
1143 2172 1358 2214 depopulare
1387 2173 1433 2213 ΙΙ,
1463 2173 1523 2212 51;

49 2219 318 2251 confabularent
343 2221 409 2259 ΙΙΙ,
437 2220 495 2259 25,
521 2221 715 2252 vaticinare
742 2221 816 2259 IV„
832 2221 862 2260 7,
890 2230 1055 2252 execrare
1078 2220 1138 2260 IV,
1169 2220 1223 2259 13,
1245 2220 1396 2261 passiva
1422 2220 1526 2263 siyni-

38 2267 206 2309 ficatz'one
240 2267 447 2310 depopulari
473 2269 520 2308 ΙΙ,
558 2268 619 2308 24;
655 2269 722 2308 ΙΙΙ,
751 2268 814 2308 24;
849 2269 891 2308 V,
919 2269 952 2308 9,
988 2269 1145 2300 hortatur
1172 2269 1220 2307 II,
1250 2269 1305 2308 21,
1339 2272 1528 2301 testaretur

48 2315 96 2356 ΙΙ,
125 2315 180 2356 29,
208 2317 364 2357 queritur
389 2317 438 2356 ΙΙ,
466 2317 522 2357 31,
557 2317 757 2349 sciscitatus
783 2317 830 2357 ΙΙ,
866 2316 930 2356 62;
966 2317 1034 2356 ΙΙΙ,
1062 2317 1119 2357 26,
1152 2317 1277 2349 ulcisci
1304 2318 1344 2357 V,
1382 2317 1412 2357 6,
1448 2327 1526 2359 per-

47 2365 194 2396 scrutari
222 2365 249 2403 Ι,
287 2365 347 2405 143
380 2366 421 2405 V,
452 2365 513 2405 183
550 2371 690 2397 econtra
716 2365 869 2397 aestuari
896 2365 967 2397 Ioco
994 2369 1156 2397 aestuare
1183 2366 1210 2405 Ι,
1241 2366 1300 2405 173
1337 2366 1433 2407 afligi
1456 2365 1526 2397 loco

47 2411 205 2454 affligere
231 2413 301 2453 III,
328 2413 385 2445 38.
487 2413 523 2454 8)
542 2424 653 2446 noceo
680 2413 834 2455 aliquem
862 2413 923 2454 IV,
951 2414 1008 2454 27,
1036 2413 1081 2445 da
1108 2414 1222 2445 Deum
1251 2414 1526 2455 omnipotentem

47 2461 131 2501 VII,
168 2461 222 2501 13,
256 2460 640 2505 Plvisquanzpe7fectunz
659 2473 728 2504 pro
755 2461 912 2504 Perfecto
938 2461 1192 2504 responderant
1219 2463 1245 2501 Ι,
1276 2462 1329 2501 11,
1358 2461 1528 2503 deguerat

47 2509 108 2549 IV,
143 2509 176 2549 3,
204 2520 273 2550 pro
300 2508 506 2552 Imperfecto
535 2509 630 2543 Coni.
657 2511 816 2553 cupierat
834 2510 925 2542 Hist.
945 2511 1019 2543 Ott.
1042 2511 1072 2550 1,
1099 2509 1343 2552 Imperfectum
1355 2520 1423 2551 pro
1442 2509 1525 2541 Per—

37 2556 134 2598 fecto
162 2561 193 2589 et
212 2568 282 2599 pro
306 2557 649 2600 Plusquamperfecto
676 2560 907 2601 inponerent.
925 2583 932 2590 .
953 2559 1165 2590 suffocarent
1183 2559 1249 2598 III,
1269 2558 1326 2597 43,
1351 2559 1528 2589 inescaret

49 2608 84 2637 et
111 2609 255 2648 caperet
282 2605 369 2647 (loco
387 2606 525 2650 Plusq.)
550 2607 612 2646 VI,
639 2608 670 2647 3,
697 2607 858 2639 viderent
884 2607 921 2649 (l.
949 2606 1085 2648 Plusq.)
1112 2606 1159 2639 H.
1188 2607 1259 2639 Ott.
1289 2607 1344 2645 10,
1371 2616 1523 2647 prorum-

47 2657 147 2695 peret
175 2654 229 2694 11,
261 2653 457 2697 Perfectum
492 2656 563 2688 loco
590 2654 790 2697 Impeifecti
822 2656 1040 2698 reppererint
1066 2655 1127 2695 IV,
1158 2655 1213 2694 11,
1250 2655 1271 2686 t.
1296 2655 1525 2696 repperirent.

47 2700 221 2734 Praesens
249 2713 319 2744 pro
346 2702 502 2745 Perfecto
533 2703 626 2736 velle
653 2704 674 2736 Z.
701 2703 854 2736 voluisse
882 2704 949 2743 ΙΙΙ,
979 2704 1034 2743 14,
1063 2701 1308 2735 Coniunctivus
1330 2713 1397 2743 pro
1425 2701 1523 2734 Incli-

48 2749 158 2782 cativo
179 2756 261 2792 post
288 2751 381 2793 quod
408 2752 470 2792 IV,
499 2752 554 2792 26,
592 2751 807 2784 Indicativus
834 2763 901 2794 pro
929 2750 1105 2794 Infinitivo
1140 2751 1294 2783 instabat
1319 2751 1364 2782 H.
1393 2751 1464 2784 Ott.
1493 2750 1524 2790 6,

46 2795 246 2841 Infinitivus
265 2805 347 2841 post
372 2803 410 2832 ut
436 2801 483 2840 II,
511 2801 567 2841 55,
593 2804 630 2832 ut
657 2811 738 2833 suos
761 2822 769 2831 .
791 2824 798 2831 .
819 2824 825 2830 .
854 2800 1052 2832 reddidisse
1081 2822 1089 2831 .
1110 2823 1117 2832 .
1137 2822 1145 2832 .
1173 2800 1327 2832 tenuisse
1347 2823 1355 2833 .
1375 2823 1383 2832 .
1403 2823 1411 2831 .
1438 2798 1525 2830 libe-

45 2856 153 2880 rasse.
190 2846 409 2890 Praepositio
437 2849 564 2882 omissa
590 2849 638 2890 11,
666 2849 724 2882 39.
775 2849 904 2880 Tuscia
930 2848 1080 2880 rediens.
