1878 3201
323 158 389 188 124
586 156 885 188 LIUDPRANDI
913 155 1140 188 HISTORIA
1168 154 1380 187 OTTONIS.
1436 155 1538 185 1—2.

153 284 818 349 ¹‘1³·34⁰·*LIUDPRANDI
842 294 1071 348 LIBER
1095 294 1199 347 DE
1226 292 1468 347 REBUS
1499 291 1766 346 GESTIS

585 402 841 445 OTTONIS
871 401 1064 443 MAGNI
1093 401 1489 444 IMPERATORIS
1508 409 1536 442 ³.

254 500 305 533 (6.)
433 497 468 536 1.
512 494 800 549 Regnantibus
814 494 845 545 ¹³,
889 494 1017 534 immo
1063 494 1362 545 saevientibus,
1406 495 1449 534 in
1492 493 1631 547 Italia,
1672 500 1712 535 et
1751 501 1800 536 ut

238 540 304 566 ⁹⁶⁰·
318 551 459 592 verius
489 550 698 592 fateamur
727 549 993 603 tyrannidem
1030 549 1336 601 exercentibus,
1374 550 1630 605 Berengario
1670 556 1796 606 atque

228 2058 283 2083 961
300 2076 308 2084 .

319 606 563 658 Adalberto,
594 605 803 646 Iohannes
841 619 1030 644 summus
1069 604 1259 659 pontifex
1296 611 1336 645 et
1371 605 1617 646 universalis
1647 615 1797 661 papa1,

321 662 440 703 cuius
462 669 561 702 tunc
581 660 785 702 aecclesia
806 659 1142 714 supradictorum
1164 660 1410 714 Berengarii
1435 667 1560 716 atque
1580 660 1800 703 Adalberti

323 717 513 758 sevitiam
544 723 632 758 erat
662 723 849 771 experta,
879 716 1046 756 nuntios
1079 723 1247 756 sanctae
1278 715 1492 756 Romanae
1529 716 1755 758 aecclesiae
1768 725 1797 769 ⁰,

320 772 553 813 Iohannem
582 771 780 813 videlicet
810 770 1064 811 cardinalem
1095 771 1325 823 diaconem,
1365 778 1405 812 et
1433 771 1625 812 Azonem
1656 773 1799 813 scrini-

321 829 469 881 arium,
500 827 766 868 serenissimo
806 834 930 881 atque
959 827 1151 882 piissimo
1180 833 1281 867 tunc
1321 827 1424 881 regi,
1466 841 1578 867 1111110
1620 835 1798 882 augusto

323 885 467 936 cesari,
506 884 652 924 Ottoni
684 883 921 934 destinavit,
959 881 1206 938 suppliciter
1240 880 1387 923 litteris
1425 889 1464 924 et
1498 897 1637 924 rerum
1667 884 1800 938 signis

323 954 458 992 orans,
504 940 700 994 quatinus
743 938 810 979 dei
849 952 925 993 pro
966 952 1108 979 amore
1148 943 1472 992 sanctorumque
1515 938 1799 992 apostolorum

320 995 436 1036 Petri
466 1001 507 1036 et
535 993 668 1046 Pauli,
701 1009 806 1050 quos
838 993 1086 1035 delictorum
1117 1008 1287 1034 suorum
1318 995 1509 1049 cupierat
1536 1009 1626 1035 esse
1656 995 1801 1035 remis-

322 1065 450 1103 sores,
481 1066 524 1092 se
555 1051 719 1105 sibique
751 1050 1018 1091 commissam
1050 1057 1235 1091 sanctam
1266 1049 1501 1090 Romanam
1532 1049 1724 1091 eclesiam
1746 1065 1801 1092 ex

321 1120 466 1147 eorum
494 1105 689 1146 faucibus
717 1105 925 1158 liberaret,
955 1120 1005 1146 ac
1036 1104 1159 1146 saluti
1189 1110 1230 1146 et
1258 1104 1443 1146 libertati
1462 1105 1663 1160 pristinae
1683 1106 1801 1147 resti-

319 1168 456 1203 tueret
469 1168 496 1202 ².
555 1162 675 1202 Haec
706 1161 806 1202 dum
836 1162 1015 1202 Romani
1051 1161 1187 1202 nuntii
1218 1168 1543 1215 conqueruntur,
1582 1161 1650 1202 vir
1677 1175 1803 1203 vene-

320 1217 464 1259 rabilis
503 1217 797 1272 WValdpertus,
833 1224 1001 1258 sanctae
1030 1216 1357 1258 Mediolanensis
1388 1216 1564 1258 eclesiae
1597 1215 1802 1273 archiepi-

322 1288 476 1328 scopus
489 1281 518 1325 3,
565 1273 794 1314 semivivus
832 1288 887 1314 ex
915 1272 1202 1327 predictorum
1240 1271 1357 1312 rabie
1387 1272 1634 1327 Berengarii
1673 1279 1802 1328 atque

321 1328 541 1370 Adelberti
581 1328 793 1380 liberatus,
838 1328 1032 1384 superius
1070 1328 1289 1369 memorati
1326 1328 1504 1381 Ottonis,
1548 1335 1649 1369 tunc
1687 1329 1802 1383 regis

319 1399 432 1425 nunc
463 1385 617 1425 cesaris
647 1384 828 1438 augusti,
858 1384 1089 1438 potentiam
1120 1383 1235 1433 adiit,
1264 1383 1467 1435 indicans,
1499 1399 1543 1425 se
1571 1399 1656 1424 non
1676 1398 1802 1438 posse

321 1440 428 1481 ferre
465 1445 504 1481 et
538 1440 628 1495 pati
666 1440 911 1493 Berengarii
951 1446 1076 1494 atque
1113 1438 1332 1479 Adelberti
1370 1453 1535 1480 necnon
1572 1446 1612 1480 et
1645 1438 1800 1481 Willae

322 1496 554 1548 saevitiam,
601 1509 707 1550 quae
746 1495 1001 1536 Mannassen
1040 1493 1329 1535 Arelatensem
1369 1495 1617 1550 episcopum
1657 1503 1804 1536 contra

321 1552 388 1592 ius
417 1551 566 1607 fasque
595 1550 898 1592 Mediolanensi
938 1550 1027 1592 sedi
1065 1550 1310 1605 prefecerat.
1368 1549 1523 1592 Aiebat
1552 1566 1664 1604 sane,
1694 1551 1803 1592 hanc

323 1607 498 1649 eclesiae
529 1622 629 1648 suae
660 1621 751 1648 esse
773 1606 1064 1657 calamitatem,
1097 1621 1216 1661 quae,
1248 1605 1361 1661 quod
1383 1621 1425 1647 se
1447 1621 1628 1662 suosque
1651 1621 1804 1662 capere

324 1670 546 1719 oporteret,
575 1663 857 1718 interciperet.
919 1662 1004 1703 Sed
1023 1661 1177 1703 Waldo
1201 1661 1416 1703 Cumanus
1447 1663 1671 1718 episcopus
1690 1662 1803 1703 hunc

322 1721 433 1773 pone
467 1726 529 1760 est
557 1726 738 1771 secutus,
773 1733 857 1759 non
887 1718 1097 1773 disparem
1127 1732 1152 1758 a
1181 1718 1452 1772 Berengario,
1491 1718 1723 1774 Adalperto
1763 1724 1806 1760 et

323 1774 464 1827 Wffla,
496 1789 623 1830 quam
653 1773 938 1830 XValdpertus,
971 1773 1266 1814 contumeliam
1292 1773 1511 1815 clamitans
1532 1789 1575 1815 se
1596 1789 1687 1816 esse
1707 1789 1804 1829 per-

322 1844 493 1885 pessum
505 1839 534 1871 ⁴.
594 1831 808 1871 Venerant
851 1837 892 1871 et
934 1829 1123 1870 nonnulli
1166 1829 1336 1870 alterius
1382 1829 1539 1870 ordinis
1585 1845 1638 1871 ex
1681 1829 1804 1871 Italia

323 1887 417 1939 viri,
460 1900 564 1942 quos
603 1886 711 1927 inter
747 1885 918 1926 illustris
954 1885 1141 1926 marchio
1172 1884 1398 1926 Otbertus⁵
1432 1900 1527 1926 cum
1558 1885 1801 1941 apostolicis

324 1948 566 1983 cucurrerat
608 1941 776 1994 nuntiis,
820 1955 845 1981 a
882 1941 1145 1982 sanctissimo
1186 1940 1361 1993 Ottone,
1404 1947 1504 1982 tunc
1543 1956 1643 1997 rege
1690 1955 1804 1982 nunc

322 2005 503 2053 augusto
536 2012 691 2050 cesare,
723 1997 955 2049 consilium,
987 1995 1190 2037 auxilium
1221 2003 1437 2052 expetens.

435 2054 473 2094 2.
519 2053 683 2093 Horum
727 2053 869 2108 itaque
913 2068 988 2094 rex
1025 2053 1240 2108 piissimus
1283 2052 1516 2093 lacrimosis
1558 2052 1803 2108 quaestibus

323 2108 558 2162 inclinatus,
588 2123 673 2150 non
704 2123 812 2163 quae
844 2123 919 2149 sua
948 2108 1022 2149 sed
1053 2123 1159 2163 quae
1180 2108 1278 2149 Iesu
1300 2107 1455 2149 Christi
1482 2115 1578 2149 sunt
1599 2109 1805 2163 cogitans,

324 2164 455 2205 filium
496 2180 619 2205 suum
660 2163 740 2205 sibi
778 2165 1060 2220 aequivocum
1099 2171 1242 2204 contra
1284 2178 1443 2205 morem
1488 2163 1720 2219 puerilibus
1759 2165 1804 2205 in

323 2221 445 2261 annis
474 2235 619 2275 regem
655 2221 926 2273 constituens,
968 2235 1064 2261 011111
1102 2220 1146 2260 111
1178 2220 1366 2261 Saxonia
1403 2220 1673 2276 dereliquit63
1711 2220 1804 2275 ipse

325 2275 510 2318 collectis
548 2277 679 2331 copiis
716 2275 882 2317 Italiam
920 2276 1106 2331 percitus
1141 2276 1268 2316 venit.
1328 2275 1412 2327 Qui
1449 2282 1563 2317 tanto
1593 2276 1803 2331 Berenga—

324 2385 353 2416 a)
379 2385 525 2416 inscriptio
547 2384 698 2409 INCIPIT
721 2384 842 2409 LIBER
865 2384 1063 2409 SEPTIMUS
1087 2384 1140 2408 DE
1164 2383 1292 2409 REBL‘S
1316 2383 1489 2410 OTTOXIS
1512 2387 1584 2408 emat
1597 2384 1714 2408 nonnisi
1731 2385 1759 2408 in
1776 2384 1801 2409 5.

324 2428 347 2448 ec
371 2425 422 2449 5a.
455 2425 629 2448 Dirisimzem
651 2424 773 2455 capitum
796 2431 868 2454 quae
891 2425 918 2448 in
941 2424 1080 2448 co<livibzcs
1102 2424 1286 2453 desideratur,
1312 2423 1430 2447 institui.
1495 2422 1525 2455 b)
1546 2423 1628 2447 codex
1650 2424 1665 2447 2
1690 2423 1718 2447 in
1740 2430 1805 2448 voce

324 2464 518 2495 waldpertus
540 2466 663 2487 sanctae
686 2463 806 2487 orditur.
889 2463 915 2494 c)
939 2469 966 2488 e.
988 2463 1016 2486 ιή
1031 2463 1092 2494 fine
1113 2463 1229 2486 deletum
1252 2464 1277 2488 1.

326 2552 363 2588 1.)
382 2554 463 2594 XII,
492 2555 719 2595 Octavianus,
745 2555 904 2587 Alberici
929 2554 1020 2585 filius
1040 2553 1278 2596 (955-964).
1357 2553 1393 2595 2)
1412 2555 1565 2587 Eosdem
1583 2555 1720 2596 legatos
1741 2566 1802 2588 no-

324 2604 460 2634 minant
487 2604 707 2635 continuator
733 2605 859 2646 Regin.
887 2614 921 2636 a.
941 2603 1022 2642 960,
1050 2602 1237 2634 Benedicti
1266 2603 1392 2635 Chron.
1421 2614 1450 2635 c.
1470 2604 1526 2643 35,
1551 2604 1640 2636 Ann.
1659 2603 1802 2636 Hildes-

324 2651 430 2683 heim.
458 2651 538 2691 960,
568 2652 611 2685 cf.
640 2652 729 2683 infra
757 2663 784 2685 c.
814 2653 869 2684 ⁶20.
948 2650 985 2693 3)
1014 2651 1240 2693 Waldpertus
1267 2652 1350 2683 inde
1377 2652 1420 2683 ab
1448 2663 1539 2685 anno
1559 2653 1627 2684 953
1647 2653 1804 2685 Manassi

324 2701 359 2731 in
386 2699 471 2732 sede
498 2700 756 2733 Mediolanensi
783 2702 963 2740 successit,
991 2699 1033 2732 de
1063 2711 1130 2742 quo
1151 2700 1195 2731 cf.
1214 2701 1293 2734 Ant.
1313 2701 1362 2733 IV
1383 2712 1411 2733 c.
1432 2701 1464 2732 6.
1566 2701 1603 2744 4)
1625 2701 1678 2734 Cf.
1698 2711 1803 2744 supra

324 2750 453 2791 Antap.
480 2749 512 2780 V
540 2760 569 2780 0.
599 2750 656 2781 29.
758 2750 794 2792 5)
823 2751 849 2782 A
878 2761 945 2792 quo
972 2749 1193 2781 marchiones
1220 2750 1386 2782 Estenses
1414 2751 1585 2791 originem
1611 2754 1802 2782 traxerunt.

326 2794 362 2829 61
389 2798 431 2829 Α.
459 2797 526 2828 961
558 2797 614 2830 die
642 2799 699 2830 26.
727 2800 814 2831 Maii
841 2810 950 2831 mens.
977 2798 1190 2840 Aquisgrani
1218 2798 1299 2831 Otto
1327 2798 1363 2829 ΙΙ
1391 2809 1450 2830 rex
1479 2804 1663 2832 coronatus
1691 2803 1753 2831 est.
