1878 3201
236 666 290 701 (9.)

116 706 180 731 944.
205 706 287 738 Sept.

154 1832 163 1840 ⁸
180 1841 206 1865 p.
222 1834 286 1860 333.

147 2387 221 2412 Dec.
246 2385 290 2412 13.

304 216 371 246 110
495 214 795 247 LIUDPRANDI
820 214 1164 248 ANTAPODOSIS.
1215 215 1308 247 LIB.
1335 215 1377 246 V.
1433 214 1585 247 19—21.

303 326 471 367 direxit.
531 325 657 377 Quod
685 339 784 366 vero
815 324 868 364 ad
898 324 1148 378 Hispaniam
1178 332 1218 366 et
1246 324 1300 365 ad
1331 324 1543 365 civitatem
1572 324 1708 379 ipsam
1733 325 1777 365 in
1829 340 1847 364 -2

305 395 389 436 qua
435 396 511 422 rex
555 386 693 421 vester
736 386 935 431 moratur,
988 377 1240 433 Cordobam,
1285 394 1369 420 non
1412 386 1632 432 venerunt,
1675 379 1778 421 haec
1827 369 1849 419 ἦ

305 450 433 478 causa
462 436 551 489 fuit,
597 435 796 490 quoniam
830 434 968 475 triduo
1004 449 1080 489 per
1118 435 1364 490 inaquosam
1405 442 1446 477 et
1485 436 1578 477 sitia
1616 442 1779 476 vastam
1834 421 1850 463 f‘

303 494 518 548 regionem
568 491 838 540 transierunt3
887 496 1085 543 putantes
1132 490 1275 544 itaque
1319 505 1449 545 equos
1494 504 1667 545 seseque
1712 490 1780 530 siti

303 549 523 604 perituros,
552 545 734 600 preduce
764 543 844 584 sibi
874 543 927 584 ab
957 543 1140 598 Hugone
1171 558 1370 586 concesso
1395 553 1529 587 morte
1550 552 1670 587 tenus
1690 559 1781 586 ver-

302 605 461 653 berato,
493 600 681 642 celeriori
713 614 839 654 quam
870 599 1034 640 abirent
1062 599 1224 654 impetu
1253 606 1557 642 revertunturl.

416 658 481 699 20.
526 656 621 696 Hac
652 656 780 696 etiam
810 653 956 695 eadem
986 660 1236 709 tempestate
1272 654 1384 696 idem
1418 671 1495 697 rex
1524 656 1652 711 Hugo
1682 655 1782 695 Ber·
1841 664 1847 669 ’

303 720 390 755 tam
420 711 548 752 filiam
579 725 712 763 suam,
754 723 881 765 quam
915 724 968 750 ex
1004 710 1222 751 meretrice
1259 709 1411 751 Pezola
1446 711 1536 765 ipse
1565 716 1781 765 genuerat,

303 784 379 824 per
411 766 689 821 Sigefredum,
719 763 1003 806 venerabilem
1031 764 1274 806 Parmensis
1311 765 1512 807 aeclesiae
1541 766 1782 817 antistitem,

307 820 717 876 Constantinopolim
746 820 912 872 direxit,
942 820 1133 860 Romano
1170 819 1346 876 parvulo
1379 821 1646 862 Constantini
1681 821 1783 861 Por-

305 877 600 934 phyrogenitib
637 875 722 916 filio
762 874 1043 929 copulandam
1082 876 1291 930 coniugio.
1360 876 1634 932 Tenebatque
1674 889 1784 916 sum·

304 949 422 975 mum
451 932 618 987 imperii
646 932 859 972 Romanos
890 931 1036 983 maior,
1067 931 1240 986 eiusque
1269 930 1344 971 filii
1374 931 1456 973 duo
1484 931 1784 973 Constantinus
1839 939 1846 967 4

305 997 346 1031 et
377 987 631 1044 Stephanus,
664 984 818 1050 quibus
848 992 945 1041 post
973 986 1194 1026 Romanon
1224 985 1440 1042 prestabat
1470 986 1784 1038 Constantinus,

305 1045 458 1086 Leonis
488 1044 752 1107 imperatorls
781 1040 928 1093 filius0‚
969 1042 1088 1082 cuius
1126 1041 1329 1096 parvulus
1369 1050 1450 1083 ex⁰
1488 1041 1664 1095 Helena,
1704 1041 1785 1082 Ro·
1846 1071 1847 1074 η

307 1101 421 1141 mani
450 1099 646 1139 malorisc
686 1097 949 1152 imperatoris
978 1096 1077 1149 filia,
1111 1104 1233 1138 natus
1269 1098 1354 1138 iam
1390 1098 1646 1139 nominatam
1683 1097 1784 1137 Ber-

306 1163 405 1208 tam,
438 1169 563 1210 quam
593 1159 753 1194 mutato
783 1153 952 1193 nomine
975 1152 1103 1193 Greci
1124 1151 1319 1194 dixerant
1337 1153 1577 1206 Eudokian,
1608 1166 1786 1193 uxorem

306 1212 521 1253 duxerat2.
580 1208 660 1249 His
680 1209 823 1263 itaque
845 1213 1042 1262 quattuor
1060 1207 1377 1262 imperantibus,
1401 1208 1639 1264 Stephanus
1660 1214 1786 1262 atque

308 1265 610 1308 Constantinus
646 1263 807 1315 fratres,
846 1264 1064 1317 ignorante
1101 1263 1375 1304 Constantino
1410 1263 1564 1305 Leonis
1602 1263 1782 1318 impera-

306 1322 406 1362 toris
437 1319 536 1370 filio,
581 1318 783 1359 adversus
813 1318 1034 1358 RomanOn
1064 1325 1227 1373 patrem
1267 1333 1389 1359 suum
1422 1318 1630 1374 quaedam
1661 1318 1786 1374 σφάλ-

307 1391 433 1429 ματα,
464 1374 667 1425 sfalmata,
697 1373 741 1413 id
773 1379 834 1414 est
862 1372 992 1424 dolos,
1024 1373 1385 1415 machinabantur.
1453 1373 1643 1415 Tedebat
1673 1374 1786 1415 enim

307 1446 391 1484 eos,
422 1431 554 1486 patris
585 1429 805 1469 severitate
835 1428 1033 1483 imposita
1054 1443 1344 1484 quaecumque
1365 1429 1520 1470 vellent
1539 1429 1677 1470 facere
1700 1443 1787 1470 non

304 1487 444 1528 licere.
503 1483 627 1527 Unde
659 1490 699 1525 et
727 1482 836 1523 malo
867 1497 969 1524 mox
989 1489 1163 1538 accepto
1186 1483 1372 1534 consilio,
1406 1485 1602 1539 quatinus
1622 1490 1785 1539 patrem
1842 1528 1844 1530 v

306 1543 531 1594 deicerent,
561 1540 885 1593 pertractabant.

417 1599 483 1639 21.
544 1593 1058 1649 Constantinopolitanum
1111 1593 1315 1649 palatium
1369 1609 1453 1636 non
1500 1593 1785 1650 pulcritudine

306 1653 454 1705 solum,
485 1666 633 1693 verum
664 1651 788 1692 etiam
818 1649 1062 1691 fortitudine
1094 1650 1302 1703 omnibus,
1333 1664 1437 1705 quas
1467 1664 1669 1705 umquam
1694 1663 1786 1705 per-

306 1709 532 1764 spexerim,
576 1704 879 1746 munitionibus
923 1711 1094 1759 prestat,
1144 1705 1259 1760 quod
1306 1706 1431 1747 etiam
1474 1706 1563 1760 iugi
1606 1704 1786 1747 militum

305 1764 528 1818 stipatione
566 1776 651 1803 non
687 1761 863 1801 minima
900 1760 1161 1802 observatur.
1234 1761 1364 1802 Moris
1407 1761 1548 1816 itaque
1592 1767 1666 1814 est,
1706 1759 1786 1802 hoc

304 1826 403 1876 post
446 1818 699 1859 matutinum
745 1815 1058 1870 crepusculum*
1104 1815 1299 1857 omnibus
1344 1831 1446 1857 mox
1488 1823 1645 1871 patere,
1689 1822 1787 1872 post

304 1875 471 1917 tertiam
500 1887 600 1914 vero
631 1872 714 1913 diei
742 1872 890 1912 horam
929 1872 1092 1913 emissis
1133 1872 1326 1913 omnibus
1363 1872 1460 1913 dato
1502 1872 1636 1927 signo,
1673 1871 1786 1927 quod

305 1937 368 1972 est
396 1932 492 1983 miS,
537 1942 671 1983 usque
701 1927 745 1966 in
773 1926 920 1967 horam
949 1941 1104 1967 nonam
1135 1927 1298 1968 cunctis
1327 1927 1488 1968 aditum
1518 1926 1741 1982 prohibere
1755 1933 1784 1968 ⁸.

304 1987 355 2027 In
384 1982 463 2025 lsoc
493 1985 623 2039 igitiu‘
651 1983 865 2023 Romanos
893 1982 943 2033 i-ss
958 1988 999 2022 to
1031 1981 1391 2037 chrysotriclinon,
1431 1982 1475 2022 id
1512 1989 1573 2023 est
1611 1996 1786 2023 aureum

304 2039 546 2091 triclinium,
592 2052 698 2093 quae
742 2037 994 2092 prestantior
1037 2051 1133 2092 pars
1172 2044 1245 2090 est,
1290 2038 1578 2092 potentissime
1615 2037 1785 2093 degens,

305 2102 491 2138 caeteras
521 2093 666 2149 palatii
695 2100 836 2149 partes
865 2107 1021 2147 genero
1054 2091 1330 2134 Constantino
1365 2092 1545 2148 filiisque
1576 2094 1663 2134 suis
1695 2093 1786 2134 Ste-

305 2151 445 2207 phano
495 2156 536 2191 et
585 2148 860 2190 Constantino
910 2147 1193 2190 distribuerat.
1270 2147 1329 2188 Hi
1373 2147 1456 2189 duo
1501 2148 1696 2204 denique,
1739 2154 1788 2189 ut

305 2205 581 2262 prediximus,
610 2218 695 2245 non
722 2204 903 2244 ferentes
933 2205 1064 2258 patris
1090 2204 1244 2245 iustam
1265 2204 1545 2257 severitatem,
1574 2204 1617 2244 in
1639 2217 1785 2244 eorum

306 2260 509 2304 cubiculis
530 2259 673 2301 multis
695 2273 743 2300 co
777 2259 827 2299 iis
849 2259 1127 2313 congregatis,
1149 2258 1260 2300 diem
1282 2259 1598 2312 constituerunt,
1615 2258 1784 2314 quando

304 2324 466 2373 patrem
499 2315 664 2356 deicere
696 2330 740 2355 so
759 2315 857 2370 ique
887 2314 971 2369 ipsi
1009 2321 1181 2369 possent
1217 2329 1407 2369 regnare.
1466 2313 1662 2369 Cumque
1693 2312 1782 2355 dies

304 2373 522 2414 adveniret
553 2377 708 2426 optata,
747 2370 910 2410 cunctis
949 2369 1001 2410 de
1037 2369 1193 2424 palatio
1231 2370 1352 2411 iuxta
1392 2383 1551 2411 morem
1589 2369 1784 2423 egressis,

305 2479 334 2513 a)
358 2480 408 2504 siti
433 2493 466 2497 -
489 2478 539 2503 siti
568 2478 667 2503 desunt
690 2477 715 2504 5.
749 2477 804 2503 5a.
884 2475 915 2508 b)
937 2474 1187 2509 1)arp115²1·oge11iti
1211 2477 1236 2501 1.
1318 2474 1345 2507 c)
1367 2476 1492 2508 syllabae
1521 2475 1562 2509 fil,
1591 2482 1638 2508 ex,
1668 2482 1726 2508 ma,
1755 2476 1786 2500 in

306 2519 431 2551 margine
452 2517 587 2542 abscisae.

309 2593 345 2635 1)
374 2593 429 2626 Cf.
457 2591 645 2625 Benedicti
673 2592 790 2624 chron.
820 2601 850 2624 c.
878 2591 936 2623 30.
1033 2589 1070 2629 2)
1100 2590 1319 2622 Constantin.
1345 2590 1608 2632 Porphyrogen.
1629 2588 1673 2621 de
1692 2588 1786 2622 adm.

305 2644 388 2685 imp.
425 2652 457 2674 c.
494 2640 538 2671 26
574 2652 608 2683 p.
638 2640 724 2671 118:
764 2633 783 2683 ἦ
820 2635 1021 2683 ὠνομάζετο
1050 2636 1161 2684 Βέρτυ.
1191 2634 1278 2670 κατὰ
1318 2634 1358 2671 τὸ
1393 2633 1508 2682 ὄνομα
1541 2635 1602 2681 τῆς
1640 2633 1783 2681 μάμμης

308 2686 415 2733 αὐτῆς
443 2715 450 2722 .
480 2713 488 2722 .
517 2714 525 2721 .
554 2684 810 2733 μετωνομάσθη
840 2685 880 2720 δε
906 2683 1060 2719 Εὗδοκίυ.
1091 2683 1177 2718 κατὰ
1204 2683 1243 2718 τὸ
1271 2680 1385 2731 ὄνομα
1410 2685 1472 2730 τῆς
1497 2696 1534 2718 τε
1561 2682 1704 2730 μάμμης
1727 2685 1785 2718 καὶ

306 2734 464 2782 ἀδελφῆς
492 2735 771 2777 Κωνσταντίνους
806 2735 1012 2778 Theophan.
1052 2736 1180 2767 contin.
1207 2735 1258 2767 VI
1284 2745 1314 2767 c.
1341 2734 1399 2766 46.
1499 2732 1536 2775 3)
1565 2733 1786 2766 Constantin.

304 2787 569 2829 Porphyrogon.
590 2785 632 2817 de
653 2785 773 2817 cerim.
793 2785 894 2817 aulae
914 2785 1062 2826 Byzant.
1081 2784 1117 2816 II
1137 2794 1165 2815 c.
1188 2783 1226 2814 1:
1255 2780 1379 2825 ἰστέον,
1406 2776 1460 2814 ὅτι
1477 2779 1512 2815 ἐν
1529 2784 1605 2822 ταῖς
1624 2777 1787 2826 μεγάλαις

307 2830 452 2880 ἡμέραις
478 2859 486 2867 .
515 2858 524 2866 .
554 2860 560 2867 .
589 2831 745 2866 δὶδονται
773 2832 888 2876 piretu
913 2826 1008 2878 ὥρας
1034 2830 1149 2876 τρίτης
1174 2829 1429 2877 πληρουμένης.

1835 457 1861 661 {ss
