1878 3201
220 275 284 301 949.

155 666 164 675 '
176 674 204 699 p.
218 665 282 692 339.

233 1053 283 1087 (4.)

87 1546 97 1556 ⁸
108 1549 126 1575 i.
138 1555 162 1574 e.
177 1548 281 1574 donec.

303 153 368 184 122
493 153 792 186 LIUDPRANDI
819 153 1161 188 ANTAPODOSIS.
1211 155 1305 187 LIB.
1332 156 1394 188 VI.
1446 155 1576 188 8—10.

299 270 582 318 apponuntm·.
641 265 690 306 In
729 264 881 320 quibus
918 266 1146 320 imperator
1181 266 1338 320 pariter
1373 272 1412 307 et
1450 266 1652 308 convivae
1690 281 1774 307 non

299 318 495 371 sedendo,
526 326 571 360 ut
601 322 775 361 caeteris
806 320 967 366 diebus,
998 320 1071 361 sed
1099 320 1380 362 recumbendo
1412 321 1653 376 epulantiuq
1686 323 1774 377 qui-

299 373 378 415 bus
409 375 452 415 in
482 374 630 416 diebus
660 389 745 416 non
781 376 1002 430 argenteis,
1044 376 1118 416 sed
1155 377 1293 417 aureis
1322 382 1484 418 tantiun
1514 377 1624 418 vasis
1654 379 1773 418 mini-

302 436 468 471 stratur.
512 431 614 471 Post
635 430 774 471 cibum
797 437 937 471 autem
958 431 1095 471 aureis
1124 432 1235 472 vasis
1265 432 1397 474 tribus
1427 440 1524 473 sunt
1550 446 1676 487 poma
1706 433 1774 474 de-

298 484 401 537 lata3
434 500 539 541 quae
571 485 622 527 ob
654 486 888 527 inmensum
918 485 1084 540 pondus
1113 500 1196 526 non
1225 486 1442 528 hominum
1462 488 1667 540 manibus,
1700 488 1774 529 sed

298 555 486 596 purpura
514 542 635 582 tectis
664 540 866 582 vehiculis
897 547 993 581 sunt
1021 539 1157 582 allata.
1215 541 1500 597 Apponuntur
1528 549 1667 584 autem
1690 543 1773 585 duo

299 597 378 637 hoc
409 598 451 637 in
481 610 668 637 mensam
699 596 837 637 modo.
881 597 963 637 Per
982 596 1189 637 foramina-
1208 596 1414 653 laquearis
1435 605 1517 640 tres
1539 606 1634 640 sunt
1653 599 1772 641 funes

298 651 476 708 pellibus
507 651 716 693 deauratis
746 652 845 693 tecti
875 667 971 692 cum
1002 651 1156 692 *anulis
1187 652 1367 708 depositi
1387 655 1536 705 aureis,
1568 655 1640 709 qui
1660 656 1773 696 ansis

300 721 407 763 quae
436 708 479 747 in
509 706 682 748 scutulis
713 708 950 762 prominent
978 708 1116 762 positi,
1147 708 1438 750 adiuvantibus
1465 709 1635 751 inferius
1657 717 1773 765 quat-

299 771 393 803 tuor
432 768 505 803 aut
544 777 592 804 60
624 763 802 817 amplius
843 762 1096 815 hominibus,
1140 778 1216 818 per
1258 763 1449 805 vertibile
1496 765 1607 819 quod
1647 780 1774 820 supra

298 817 494 873 laqueum
541 825 602 860 est
649 818 853 873 ergalium
890 819 933 858 in
968 833 1156 859 mensam
1197 818 1502 872 subvehuntur,
1543 820 1774 876 eodemque

298 873 424 914 modo
455 873 760 928 deponuntu1·³.
819 874 962 915 Ludos
1002 874 1193 930 denique,
1231 889 1336 930 quos
1373 874 1433 916 ibi
1471 878 1771 931 perspexerim,

299 930 397 985 quia
412 929 537 970 nimis
558 928 731 984 longum
749 936 811 971 est
825 929 1021 982 scribere,
1038 932 1340 985 pretermitt0b3
1362 945 1492 971 unum
1509 930 1772 974 solummodo

298 986 350 1027 ob
381 985 700 1026 admirationem
731 985 797 1026 hic
828 986 1010 1026 inserere
1040 1000 1124 1026 non
1153 986 1328 1041 pigebit.

408 1040 445 1081 9.
491 1041 618 1083 Venit
647 1040 831 1097 quidam,
872 1041 1087 1082 XXIIHor
1117 1049 1158 1083 et
1187 1056 1235 1083 eo
1274 1041 1452 1097 amplius
1489 1042 1645 1098 pedum
1684 1042 1772 1084 lon-

296 1096 498 1151 gitudinis
527 1096 688 1152 lignum
720 1097 808 1138 sine
838 1112 1037 1138 manuum
1067 1097 1345 1138 amminiculis
1375 1098 1418 1139 in
1447 1097 1581 1140 fronte
1608 1114 1771 1154 gerens,

299 1151 411 1207 quod
451 1153 594 1194 cubito
633 1167 658 1192 a
695 1154 933 1195 summitate
972 1153 1155 1206 inferius,
1195 1153 1428 1195 bicubitum
1471 1155 1770 1195 transversimc

296 1207 513 1249 habuerat.
572 1208 761 1249 Adducti
791 1216 888 1250 sunt
924 1216 1064 1250 autem
1105 1208 1188 1249 duo
1218 1210 1341 1264 pueri
1370 1209 1472 1250 nudi
1503 1210 1576 1251 sed
1606 1224 1772 1266 campe-

297 1264 427 1315 strati,
456 1264 536 1304 hoc
568 1270 629 1304 est
660 1265 938 1306 succinctoria
967 1264 1179 1317 habentes,
1218 1265 1289 1320 qui
1325 1279 1402 1320 per
1439 1265 1600 1320 lignum
1630 1279 1772 1308 ascen-

297 1319 441 1360 dentes
473 1319 703 1375 eodemqne
733 1319 937 1372 ludentes,
967 1321 1183 1375 versisque
1220 1321 1415 1362 deorsum
1455 1320 1665 1376 capitibus
1696 1336 1773 1377 per

296 1374 339 1414 id
369 1374 671 1416 descendentes
685 1375 715 1427 ¹³,
746 1376 805 1416 ita
834 1383 1108 1417 servaverunt
1145 1375 1373 1429 immobile,
1418 1390 1467 1416 ac
1507 1377 1541 1416 si
1571 1377 1771 1418 radicitus

297 1436 430 1471 terrae
462 1437 570 1472 esset
599 1430 802 1471 adfixum.
860 1430 1056 1485 Denique
1086 1438 1184 1486 post
1212 1432 1336 1472 unius
1368 1431 1628 1485 descensum,
1669 1431 1773 1474 alter

298 1487 369 1541 qui
398 1494 657 1528 remanserat
685 1486 917 1541 eodemque
948 1486 1059 1527 solus
1099 1486 1268 1540 luserat,
1313 1486 1505 1543 ampliori
1545 1503 1611 1529 me
1641 1487 1773 1529 admi-

295 1542 456 1583 ratione
500 1543 724 1583 attonitum
768 1542 962 1583 reddidit.
1036 1542 1218 1598 Quoquo
1263 1542 1387 1584 modo
1433 1543 1556 1596 enim,
1603 1543 1771 1599 quoad*

294 1604 468 1653 uterque
498 1597 667 1652 luserat,
696 1597 918 1639 videbatur
947 1598 1158 1652 possibile,
1199 1599 1396 1654 quoniam
1428 1599 1597 1653 quidem
1629 1613 1772 1654 quam-

296 1668 422 1708 quam
452 1653 645 1706 mirabili,
675 1668 822 1695 verum
851 1654 1037 1709 pondere
1057 1668 1141 1694 non
1161 1653 1346 1710 disparie
1377 1654 1538 1709 lignum
1559 1670 1635 1710 per
1659 1654 1772 1710 quod

294 1709 569 1751 ascenderant
606 1708 910 1765 gubernabant.
969 1710 1089 1751 Unus
1126 1725 1224 1751 vero
1267 1711 1339 1766 qui
1377 1711 1418 1750 in
1459 1709 1561 1765 ligni
1601 1711 1772 1751 summi-

294 1772 378 1806 tate
407 1765 618 1818 remansit,
651 1766 751 1821 quia
780 1766 837 1806 ita
867 1781 910 1807 se
941 1765 1171 1821 aequaliter
1200 1766 1459 1821 ponderavit,
1490 1773 1537 1807 ut
1567 1773 1607 1807 et
1627 1766 1773 1807 luserit

296 1835 345 1862 ac
377 1835 502 1862 sanus
533 1821 808 1873 descenderit,
852 1822 910 1863 ita
949 1837 1015 1862 me
1055 1821 1269 1877 stupidum
1309 1821 1505 1873 reddidit,
1545 1827 1592 1862 ut
1630 1823 1771 1877 ipsum

297 1877 421 1918 etiam
452 1877 746 1932 imperatorem
776 1891 871 1918 mea
900 1878 1121 1918 admiratio
1151 1892 1234 1918 non
1263 1877 1421 1919 lateret.
1480 1877 1604 1919 Unde
1635 1884 1676 1919 et
1705 1891 1771 1918 ac-

296 1933 446 1974 cersito
475 1933 713 1988 interprete,
747 1933 847 1987 quid
878 1933 981 1973 mihi
1012 1932 1244 1973 mirabilius
1272 1932 1498 1987 videretur,
1539 1940 1602 1974 est
1631 1933 1770 1974 scisci-

295 1995 422 2029 tatus:
472 2003 588 2043 puer,
635 1989 708 2044 qui
751 2003 794 2029 se
839 1989 943 2030 adeo
988 1989 1201 2030 moderate
1244 1995 1423 2042 rexerat,
1469 1996 1516 2030 ut
1557 1988 1770 2030 immobile

293 2044 454 2099 lignum
499 2050 624 2097 esset,
673 2059 727 2084 an
771 2045 826 2095 is,
879 2045 949 2100 qui
993 2045 1036 2085 id
1080 2045 1123 2085 in
1166 2044 1301 2086 fronte
1345 2051 1431 2086 tam
1475 2051 1770 2099 argumentose

245 2136 251 2143 .
294 2107 496 2153 tenuerat,
529 2107 575 2141 ut
603 2115 830 2155 puerorum
860 2115 937 2141 nec
969 2100 1132 2156 pondus
1163 2115 1298 2156 neque
1324 2100 1448 2141 ludus
1469 2101 1535 2142 vel
1555 2100 1770 2141 modicum

222 2338 272 2373 (5.)

214 2380 279 2405 950.

196 2419 282 2445 Mart.

159 2459 281 2485 24—30.

295 2155 492 2197 flecteret.
539 2155 732 2211 Cumque
753 2172 819 2197 me
840 2157 1046 2211 ignorare,
1078 2156 1179 2211 quid
1204 2156 1307 2196 mihi
1327 2156 1696 2209 thaumastoteron,
1727 2155 1770 2197 id

295 2220 357 2253 est
385 2211 631 2264 mirabilius,
661 2212 886 2265 videretur,
917 2211 1138 2263 edicerem,
1169 2227 1322 2266 magno
1352 2211 1521 2253 inflatus
1552 2211 1770 2265 cachinno,

296 2282 338 2308 se
369 2267 558 2308 similiter
586 2283 721 2323 neque
751 2269 869 2320 scire,
901 2267 1127 2323 respondit.

410 2324 471 2364 10.
519 2323 603 2364 Sed
632 2338 767 2379 neque
798 2324 878 2364 hoc
910 2323 1072 2365 silentio
1103 2323 1428 2378 pretereundum
1458 2338 1548 2365 esse
1578 2322 1769 2376 arbitror,

297 2379 408 2434 quod
439 2380 537 2419 novi
568 2379 745 2434 mirique
785 2379 897 2420 aliud
934 2380 1081 2420 eedem
1121 2380 1421 2434 perspexerim.
1486 2379 1535 2419 In
1575 2393 1623 2419 ea
1662 2392 1769 2434 quae

295 2442 390 2475 ante
421 2435 693 2490 vaiophoron,
733 2435 846 2490 quod
875 2450 950 2475 nos
981 2434 1213 2490 palmarum
1251 2450 1389 2475 ramos
1420 2434 1609 2487 dicimus,
1643 2434 1768 2475 ebdo-

294 2491 432 2543 mada,
451 2490 548 2531 tam
579 2491 780 2532 militibus
814 2506 1024 2547 quamque
1062 2497 1102 2531 ct
1135 2491 1177 2530 in
1208 2490 1383 2531 diversis
1415 2491 1651 2531 constitutis
1682 2490 1770 2531 offi-

295 2547 370 2587 ciis
408 2547 756 2587 numismatorum
796 2561 1019 2587 aureorum
1063 2547 1360 2602 erogationem,
1404 2552 1528 2601 prout
1565 2547 1769 2602 cuiusque

295 2610 477 2644 meretur
507 2602 704 2655 officium,
736 2603 963 2657 imperator
999 2602 1111 2643 facit.
1172 2602 1251 2643 Oui
1289 2603 1519 2657 erogationi
1561 2603 1659 2657 quia
1701 2616 1769 2643 me

295 2659 495 2700 interesse
539 2658 685 2711 voluit,
729 2659 870 2700 venire
915 2658 1115 2714 precepit.
1182 2658 1281 2698 Fuit
1324 2665 1463 2699 autem
1514 2657 1767 2699 huiusmodi.

295 2766 323 2798 a)
345 2768 540 2798 depununtur
563 2769 587 2792 1.
663 2768 692 2792 bx
717 2768 890 2798 pretermito
915 2769 938 2792 1.
1011 2767 1036 2798 6)
1057 2767 1236 2792 tranuersim
1261 2768 1284 2790 1.
1356 2766 1384 2793 d)
1409 2773 1434 2790 6,
1457 2766 1476 2791 l.
1500 2774 1525 2792 V.
1549 2766 1575 2791 d.
1599 2773 1622 2791 c.
1645 2773 1674 2798 p.
1697 2767 1715 2791 i.
1739 2766 1767 2793 d.

295 2807 392 2831 desunt
416 2807 442 2833 5‘»,
467 2808 517 2831 5a.
543 2805 602 2832 5a‘.
683 2806 710 2838 e)
735 2815 760 2831 V.
784 2815 813 2839 p.
836 2816 852 2838 q
888 2817 914 2838 q.
937 2814 963 2838 q.
987 2814 1026 2831 m.
1051 2814 1078 2833 v,
1101 2814 1127 2838 1».
1153 2814 1179 2832 11,
1203 2806 1228 2830 d.
1251 2807 1348 2831 desunt
1372 2807 1397 2831 5.
1419 2806 1470 2831 fia.
1495 2803 1559 2831 5a'.
