1878 3201
269 200 335 230 166
678 197 977 230 LIUDPRANDI
1004 197 1226 233 LEGATIO.
1280 198 1338 230 65.

184 320 250 345 969.
266 309 398 350 donec
435 323 460 349 a·
497 307 659 364 prefato
698 308 841 349 Leone
887 307 1068 348 kitonita
1103 309 1275 348 nuntius
1316 309 1451 360 venit,
1500 308 1572 363 qui
1607 307 1738 361 illum,

134 371 198 396 1³¹1-
223 371 238 395 7
246 378 340 405 -cur
378 378 445 404 1116
486 370 738 416 moraretur,
778 363 1028 417 obiurgavit.
1094 363 1251 403 Verum
1292 377 1389 404 cum
1430 363 1741 417 obiurgationes

120 431 171 465 ἰ),
186 422 419 472 363.*1116ἕι5,
454 419 636 460 lamenta
676 426 716 460 et
756 419 938 473 suspiria
973 432 1066 459 mea
1105 417 1212 459 ferre
1249 432 1333 459 non
1369 424 1522 473 posset,
1558 419 1741 470 recessit,

265 489 417 529 meque
446 474 605 515 homini
634 481 719 515 tam
750 474 894 527 iniquo
916 479 956 513 et
975 474 1160 526 pessimo
1182 474 1504 527 commendavit,
1535 479 1582 514 ut
1602 487 1742 527 sump-

266 537 332 571 tus
363 529 508 570 salt-em
538 545 605 571 me
635 543 772 569 emere
801 542 885 567 non
914 528 1187 581 permitteret,
1217 527 1351 569 donec
1381 542 1406 568 a
1434 544 1501 570 me
1527 529 1742 580 cortinam,

266 584 397 625 librae
427 585 589 639 argenti
616 584 750 638 pretio
783 583 967 636 dignam,
998 583 1219 636 acciperet,
1257 589 1298 624 et
1328 597 1423 623 cum
1462 591 1558 638 post
1593 583 1744 638 viginti

267 641 356 681 dies
392 640 489 681 inde
526 639 796 690 discederem,
833 637 1004 678 nuntius
1043 638 1146 692 ipse,
1189 638 1257 677 cui
1294 639 1495 679 cortinam
1532 638 1743 691 dederam,

267 694 463 736 nauclero
493 695 625 745 iussit,
656 700 703 734 ut
731 699 827 747 post
855 692 1070 744 acroteria,
1100 692 1143 732 id
1173 698 1236 733 est
1260 694 1594 748 promontorium
1615 692 1745 749 quod-

268 751 378 803 dam,
409 765 476 790 me
506 750 690 804 positum
726 750 836 789 fame
875 748 1012 802 perire
1050 748 1320 802 permitteret.
1385 748 1481 789 Hoc
1520 755 1660 790 autem
1696 762 1746 789 eo

268 805 378 858 fecit,
410 806 622 860 quoniam,
652 818 704 844 ne
733 817 943 859 purpuras
973 801 1173 843 haberem
1193 801 1473 856 absconditas,
1505 818 1599 844 mea
1619 802 1747 859 pallia

267 861 486 915 regiravit,
518 875 571 901 ex
603 859 755 913 quibus
786 859 887 899 dum
916 872 1047 898 unum
1076 857 1202 899 vellet
1230 859 1435 913 accipere,
1466 873 1550 899 non
1570 858 1745 914 accepit.

270 916 307 957 O
339 915 582 967 Michaeles,
611 913 855 966 Michaeles,
894 913 967 953 ubi
1002 928 1077 954 vos
1116 920 1177 954 tot
1217 914 1341 954 simul
1369 913 1556 969 talesque
1585 929 1630 955 re
1664 914 1745 954 eri!

269 970 423 1012 Custos
454 985 572 1011 meus
602 969 669 1011 ille
701 967 1188 1023 Oonstantinopolitanus
1219 968 1414 1010 Michaeli
1442 983 1517 1010 suo
1537 969 1748 1010 rivaime

270 1026 591 1078 commendavit,
623 1024 755 1065 malus
776 1025 972 1079 pessimo,
995 1023 1204 1079 pessimus
1225 1024 1384 1079 iniquo.
1423 1023 1603 1065 Michael
1625 1037 1748 1065 voca·

156 1107 185 1117 s»
268 1088 335 1122 tus
366 1087 428 1123 est
457 1087 497 1122 et
527 1081 729 1122 diasostes
749 1094 881 1132 meus,
910 1079 1035 1120 homo
1057 1079 1228 1134 quidem
1249 1079 1442 1134 simplex,
1465 1080 1585 1121 cuius
1606 1085 1749 1121 sancta

270 1136 516 1192 simplicitas
559 1142 722 1177 tantum
766 1135 870 1175 mihi
907 1149 1014 1189 pene
1051 1135 1207 1186 nocuit,
1254 1142 1457 1189 quantum
1493 1140 1534 1175 et
1571 1135 1748 1176 istorum

269 1193 534 1247 perversitas.
594 1190 679 1233 Sed
710 1189 763 1231 ab
803 1190 868 1230 his
907 1189 1097 1245 parvulis
1126 1189 1404 1232 Michaelibus
1439 1191 1600 1245 impegi
1634 1191 1678 1232 in
1707 1196 1748 1231 te

269 1247 518 1289 Michaelem
549 1261 762 1302 magnum,
795 1246 1159 1298 semiheremitam,
1192 1245 1565 1287 semimonachum.
1622 1245 1748 1299 Dico,

270 1309 310 1343 et
339 1318 486 1344 verum
525 1302 641 1343 dico:
672 1316 757 1342 non
793 1300 980 1356 proderit
1015 1299 1092 1342 tibi
1130 1299 1348 1354 balneum,
1389 1315 1472 1356 quo
1511 1306 1551 1342 te
1581 1300 1749 1342 assidue

269 1364 391 1412 potas
420 1358 463 1398 in
494 1371 636 1398 amore
666 1357 780 1398 beati
809 1356 1008 1396 Iohamiis
1046 1356 1319 1410 precursoris
1379 1356 1465 1407 Qui
1503 1357 1613 1398 enim
1652 1356 1749 1397 ficte

269 1414 395 1455 deum
426 1418 644 1468 quaerunt,
683 1426 899 1466 nunquam
934 1412 1126 1451 invenire
1164 1418 1402 1452 merentura
1408 1442 1748 1454 .........

809 1619 1224 1674 ΕΡΙΤΑΡΗΙΑ

650 1717 991 1758 ADELBERTI
1020 1716 1097 1758 ET
1126 1715 1375 1758 BERTAE.

995 1809 1016 1836 τ

995 1837 1027 1849 ..Ι-ο

381 1881 407 1929 †
440 1877 523 1918 Hic
551 1875 699 1931 populi
728 1875 842 1930 leges
873 1876 965 1916 saxi
996 1875 1073 1916 sub
1104 1875 1213 1916 mole
1244 1874 1445 1931 sepultae,

494 1931 577 1972 Hic
608 1932 671 1971 ius
702 1945 872 1986 paxque
901 1931 1020 1983 iacet,
1051 1930 1118 1971 hic
1149 1931 1309 1985 patriae
1339 1930 1554 1972 auxilium.

435 1987 519 2028 Hic
551 1985 704 2027 chubat
733 1985 799 2026 ala
829 1992 997 2026 scutum
1028 1984 1146 2026 dolor
1173 1985 1428 2041 lacrimeque
1458 1992 1638 2042 reposte,

493 2042 578 2082 Hic
608 2040 755 2082 oculus
785 2042 885 2094 ceci,
917 2041 985 2082 hic
1015 2041 1148 2096 pietas
1178 2041 1318 2094 vidue,

387 2109 405 2141 5
438 2098 519 2139 Pes
551 2095 701 2148 claudi,
732 2098 861 2138 vestis
890 2097 1005 2149 nudi,
1038 2095 1224 2138 solamen
1255 2097 1378 2151 egeni

494 2152 646 2193 Noster
674 2151 939 2203 Adelbertus,
970 2152 1059 2192 dux
1088 2152 1183 2207 pius
1213 2158 1339 2206 atque
1369 2150 1519 2193 bonus.

440 2207 648 2249 Gentibus
678 2209 865 2248 externis
897 2208 1020 2248 timor
1049 2214 1176 2262 atque
1206 2221 1341 2262 pavor
1371 2207 1641 2262 minitandus,

493 2262 700 2304 Militibus
730 2263 912 2319 propriis
942 2262 1076 2318 gloria
1106 2277 1272 2303 summa
1302 2263 1400 2303 suis.

441 2318 582 2370 Quam
610 2318 727 2359 fortis
758 2318 894 2367 fuerit,
924 2324 1131 2359 noverunt
1160 2317 1308 2359 ultima
1337 2317 1441 2370 Tile,

361 2385 408 2418 10
497 2374 593 2425 Qua
621 2374 776 2428 pietate
805 2374 895 2424 fuit,
927 2373 1066 2414 dicere
1096 2373 1241 2427 lingua
1269 2374 1428 2429 nequit.

440 2429 490 2470 In
520 2435 631 2470 sesto
662 2428 826 2470 decimo
859 2428 1107 2483 Septembre
1136 2435 1306 2470 notante
1336 2428 1531 2469 calendas

496 2484 581 2525 Hic
610 2486 753 2539 posuit
781 2485 970 2525 membra
998 2483 1171 2525 funereo
1201 2484 1372 2538 gemitu.

441 2539 634 2595 Quisque
663 2539 768 2594 legis
797 2539 1019 2591 tumulum,
1051 2538 1270 2594 culparum
1298 2539 1409 2580 facta
1438 2552 1608 2579 suarum

498 2594 607 2636 Ante
638 2595 764 2636 deum
795 2595 938 2647 recita,
968 2596 1011 2635 in
1041 2594 1323 2649 precibusque
1353 2594 1454 2635 iuva
1465 2602 1491 2634 1.

277 2680 304 2712 a)
330 2680 372 2704 hic
394 2679 534 2704 nonnulla
558 2679 688 2703 excidisse
706 2682 795 2710 patet.

281 2742 314 2777 1')
341 2742 541 2774 Bethmann
579 2741 765 2784 descripsit
796 2742 917 2774 Lucae
953 2753 995 2774 ex
1026 2740 1144 2784 lapide
1178 2742 1214 2772 in
1246 2740 1392 2773 aedibus
1420 2740 1456 2773 S.
1483 2741 1626 2773 Martini
1653 2750 1751 2772 muro

277 2791 427 2833 inposito
455 2790 500 2822 ad
528 2790 683 2822 dextram
711 2791 864 2822 intranti.
918 2790 989 2823 Sed
1023 2790 1201 2821 literarum
1235 2788 1345 2821 forma
1377 2789 1603 2821 undecimum
1636 2789 1752 2831 potius

277 2839 458 2871 saeculum
485 2848 607 2881 sapere
635 2839 785 2871 videtur.
828 2838 1025 2871 Ediderunt
1042 2837 1196 2880 Ughelli,
1223 2837 1327 2869 Italia
1345 2848 1446 2869 sacra
1465 2839 1493 2878 I,
1520 2837 1610 2878 802;
1636 2838 1753 2869 Mura-

277 2888 353 2927 tori,
380 2887 546 2919 Thesaur.
574 2888 733 2929 inscript.
763 2887 866 2927 1820,
895 2888 934 2927 53
962 2887 1168 2928 Fiorentini,
1202 2886 1371 2918 Memorie
1400 2887 1434 2918 di
1461 2886 1609 2919 Matilda
1635 2897 1670 2929 p.
1699 2885 1757 2918 35.
