1837 3209
116 358 123 365 '
135 366 165 390 p.
182 359 248 383 274.

265 246 283 274 Ν)

676 237 971 271 LIUDPRANDI
997 236 1338 269 ANTAPODOSIS.

435 381 442 389 .
475 348 562 390 Cur
605 348 808 388 Arnulfus
851 362 928 388 rex
973 346 1110 387 clusas
1152 347 1344 401 fregerit,
1390 352 1430 387 et
1472 345 1743 400 Hungarios³

473 405 587 445 exire
618 403 864 458 permiserit.

471 460 539 500 De
564 459 748 500 KVidone
779 465 819 498 et
847 457 1118 510 Berengario‚
1151 456 1223 510 qui
1252 456 1484 497 iuramento
1515 456 1743 496 amicitiam

473 516 747 555 firmaverunt
778 526 904 567 quam
934 526 1017 552 non
1039 512 1379 564 observaverunt,
1410 518 1451 553 ct
1472 511 1584 566 quod
1604 511 1745 551 huius-

472 569 588 610 modi
619 569 805 609 amicitia
836 567 992 608 servari
1022 581 1106 607 non
1135 566 1281 620 possit.

379 625 441 666 15.
472 626 539 666 De
582 624 838 687 Berengario
878 623 921 662 in
956 621 1078 662 Italia
1118 627 1214 675 post
1252 626 1429 663 mortem
1467 621 1613 662 Karoli
1647 635 1746 675 rege

380 736 444 776 16.
473 685 842 787 {Jssssgfssgglng-xvido
889 731 1013 787 culpa
1063 730 1242 786 dapiferi
1291 731 1355 771 sui
1402 745 1427 771 a
1469 731 1645 772 Francis
1695 731 1749 771 sit

475 789 732 845 repudiatus.

380 847 444 886 17.
475 846 543 886 De
573 844 711 885 reditu
740 842 937 884 XVidonis
966 842 1011 881 in
1040 840 1171 881 Italia.

408 901 431 935 9

381 903 446 996 1.
476 955 544 996 De
574 954 657 995 alia
685 954 836 994 iterum
867 953 975 993 inter
1005 966 1075 993 eos
1114 966 1260 1007 pugna
1289 958 1330 992 et
1357 951 1605 1004 Berengarii
1634 949 1748 1005 fuga.

438 1044 445 1052 .
476 1011 544 1051 De
582 1009 667 1050 filio
704 1008 872 1049 Arnulfi
901 1006 1183 1060 Zentebaldo,
1225 1022 1350 1062 quem
1389 1008 1433 1047 in
1471 1005 1637 1046 Italiam
1673 1020 1750 1061 pro

388 2119 454 2159 32.

389 2230 455 2270 33.

390 2285 456 2325 34.

390 2339 456 2381 35.

391 2451 456 2491 36.

391 2505 457 2547 37.

393 2616 458 2659 38.

393 2672 459 2712 39.

475 900 543 941 De
573 912 718 955 pugna
747 899 854 938 inter
884 896 1112 939 XVidonem
1144 903 1269 951 atque
1299 895 1616 950 Berengarium.

476 1065 753 1120 Berengariib
784 1063 941 1104 auxilio
972 1063 1098 1104 misit.

478 1120 669 1173 Qualiter
698 1120 741 1160 in
772 1118 908 1160 duello
930 1118 1236 1174 Langobardus
1257 1117 1514 1172 Bagoarium
1537 1117 1750 1158 occiderit.

440 1209 448 1217 .
477 1177 545 1218 De
567 1175 743 1216 Arnulfo
774 1190 886 1230 rege,
920 1175 990 1229 qui
1021 1175 1225 1215 invitante
1245 1173 1501 1228 Berengario
1522 1173 1565 1213 in
1586 1171 1752 1214 Italiam

479 1234 608 1273 venit.

480 1287 606 1339 Quod
631 1286 765 1327 isdem
786 1284 988 1325 Arnulfus
1009 1285 1262 1339 Pergamum
1293 1284 1465 1339 ceperit,
1496 1289 1537 1324 et
1558 1284 1754 1325 comitem

478 1342 752 1383 Ambrosium
783 1340 1060 1396 suspenderit.

437 1430 445 1439 .
476 1399 543 1440 De
583 1396 968 1439 Mediolanensibus
1007 1401 1048 1437 et
1076 1395 1375 1450 Papiensilms,
1416 1394 1488 1449 qui
1517 1393 1571 1434 ad
1602 1393 1755 1435 Arnul-

477 1454 567 1495 fum
597 1460 815 1494 Venerunt.

441 1542 448 1549 .
479 1510 546 1550 De
577 1508 677 1563 fuga
707 1507 903 1549 XVidonis
934 1505 986 1547 ob
1017 1505 1253 1546 Arnulfum.

439 1597 447 1604 .
478 1563 781 1605 Exhortatoria
811 1562 966 1603 locutio
997 1560 1164 1602 Arnulfi
1194 1559 1248 1600 ad
1279 1574 1480 1615 pugnam.

479 1618 668 1672 Qualiter
697 1618 833 1658 Roma
862 1616 1081 1658 Leoniana
1112 1617 1164 1657 sit
1195 1623 1333 1671 capta.

409 1698 446 1716 (γ.
479 1675 605 1727 Quod
643 1673 846 1715 Arnulfus
890 1680 1064 1728 propter
1107 1672 1359 1712 Formosum
1404 1685 1559 1726 papam
1602 1669 1756 1711 multos

477 1731 765 1771 Romanorum
795 1728 1003 1770 decollare
1033 1728 1234 1783 precepit.

439 1818 448 1826 .
481 1785 568 1827 Cur
586 1792 705 1842 *esset
733 1784 955 1825 inimicitia
984 1784 1091 1824 inter
1120 1783 1374 1823 Formosum
1405 1788 1446 1823 et
1474 1782 1701 1824 Romanos.

478 1841 545 1882 De
578 1841 726 1895 Sergio
765 1854 895 1895 papa,
936 1839 1009 1894 qui
1043 1839 1294 1879 Formosum
1327 1837 1378 1878 de
1410 1836 1602 1892 sepulcro
1634 1837 1756 1878 iussit

477 1895 697 1937 extrahere
726 1902 1021 1950 mortuumque
1053 1894 1278 1949 deponere.

443 1983 451 1991 .
480 1953 548 1993 De
584 1965 760 2006 corpore
801 1951 996 1991 Formosl
1032 1965 1057 1990 a
1088 1950 1236 2005 Sergio
1277 1949 1321 1989 in
1361 1947 1517 1989 flumen
1548 1948 1753 2003 proiecto,

481 2015 608 2063 atque
637 2021 663 2047 a
691 2005 974 2061 piscatoribus
1004 2006 1187 2057 invento,
1218 2011 1259 2046 et
1279 2005 1331 2046 ab
1353 2004 1608 2059 imaginibus
1638 2018 1759 2044 sanc-

482 2070 621 2104 torum
653 2062 844 2103 salutato.

486 2117 678 2170 Qualiter
698 2117 902 2158 Arnulfus
931 2123 1112 2157 castrum
1139 2114 1347 2157 vocabulo
1367 2115 1559 2156 Firmum
1588 2114 1760 2156 obsede-

485 2175 550 2226 rit,
573 2180 613 2215 et
641 2187 666 2213 a
692 2173 888 2215 &Vidonis
910 2187 1042 2213 uxore
1069 2171 1334 2212 mortiferum
1359 2177 1507 2226 potum
1535 2170 1758 2224 acceperit.

485 2229 553 2270 De
584 2228 752 2269 malicia
784 2243 910 2283 quam
940 2226 1105 2268 Arnulfi
1135 2226 1326 2268 homines
1357 2227 1556 2267 fecerant.

487 2285 554 2325 De
584 2285 721 2326 reditu
749 2283 916 2324 Arnulfi
947 2291 987 2325 et
1016 2283 1310 2338 prosecutione
1338 2282 1547 2323 XVidonis.

489 2341 615 2392 Quod
635 2339 773 2380 Italici
794 2340 845 2380 de
866 2338 1042 2380 Arnulfo
1074 2353 1158 2379 non
1180 2338 1394 2391 curabant,
1421 2344 1461 2379 et
1482 2338 1533 2378 de
1554 2335 1761 2376 Anscario

487 2395 728 2436 marchione
760 2397 832 2449 qui
862 2395 904 2435 in
933 2395 1145 2449 Eporegia
1174 2393 1363 2435 latitavit.

487 2451 554 2491 De
585 2452 698 2506 turpi
728 2458 861 2491 morte
892 2449 1057 2490 Arnulfi
1085 2449 1209 2503 regis.

487 2506 555 2547 De
586 2511 718 2546 morte
748 2505 944 2546 XVidonis
974 2505 1099 2559 regis,
1130 2511 1169 2545 et
1199 2503 1401 2544 electione
1425 2502 1640 2543 Lamberti
1671 2501 1761 2542 eius

487 2561 575 2613 filii,
607 2562 679 2616 qui
710 2567 774 2601 est
802 2575 878 2601 rex
908 2562 1169 2601 constitutus.

488 2617 556 2657 De
594 2615 841 2671 expulsione
881 2615 1097 2656 Lamberti
1127 2621 1168 2655 et
1206 2614 1472 2655 revocatione
1501 2612 1760 2665 Berengarii.

489 2672 556 2712 De
596 2670 860 2726 Maginfmdo
899 2671 1063 2724 comite,
1108 2670 1180 2725 qui
1217 2669 1448 2711 decollatus
1485 2676 1547 2710 est
1584 2682 1609 2708 a
1638 2667 1762 2707 Lam-

492 2727 610 2769 berto
643 2727 695 2768 ob
725 2725 1010 2768 rebellionem.

284 2868 313 2901 a)
337 2870 504 2900 hungarius
526 2877 599 2896 corr.
623 2871 788 2901 hungarios
812 2872 837 2896 1.
919 2868 949 2901 b)
972 2869 1133 2900 berengari
1157 2871 1170 2893 1
