1902 3200
251 206 551 240 LIUDPRANDI
577 204 921 237 ANTAPODOSIS.
974 205 1066 237 LIB.
1093 207 1133 237 V.
1190 208 1340 240 18—19.
1469 211 1534 242 109

57 318 171 359 eius’.
231 316 356 369 Quod
385 321 426 356 et
453 313 609 355 factum
640 321 714 354 est.
773 314 931 354 Verum
962 321 1164 369 quantum
1205 316 1280 357 tibi
1310 317 1387 357 hac
1416 319 1459 358 in
1489 334 1533 360 re

61 371 260 424 obfueris,
291 370 411 411 stilus
440 375 581 409 noster
611 370 696 409 suis
727 369 770 408 in
798 367 900 409 locis
933 370 1180 424 oportunius
1210 372 1431 412 enarrabit.

169 428 231 468 18.
276 426 497 479 Tempore,
539 438 622 479 quo
660 424 941 478 Berengarius
978 425 1031 466 ab
1068 424 1190 465 Italia
1225 425 1364 479 fugiit,
1406 442 1532 482 quen·
1547 445 1599 477 (Β.)

55 482 152 524 dam
182 495 325 528 secum
354 479 568 521 Amedeus
597 479 766 520 nomine
797 478 970 520 militem
1002 479 1136 532 duxit,
1176 479 1385 535 adprime*
1415 483 1532 524 nobi·
1547 484 1613 529 {³2¹3-

53 537 148 590 lem,
203 542 245 576 et
288 541 334 575 ut
376 534 648 589 postmodum
693 533 853 587 claruit,
908 549 993 589 non
1036 534 1162 575 Ulixe
1207 534 1434 577 calliditate
1480 552 1530 577 ac
1570 524 1742 551 ¹'⁰'“³¹d⁹'

54 591 286 633 temeritate
315 589 567 630 inferiorem.
625 589 897 630 Fortissimus
928 605 1004 630 rex
1035 588 1134 631 Otto
1171 603 1279 642 cum,
1320 591 1530 633 nonnullis

53 645 267 702 inpeditus
297 643 435 696 rebus,
467 651 556 685 tum
588 645 811 700 quotannis
841 644 894 685 ab
926 645 1109 700 Hugone
1149 660 1246 699 rege
1284 647 1529 687 muneribus

51 701 252 742 inmensis
283 699 521 752 delinitus¹,
553 700 808 755 Berengario
849 701 994 755 copias
1031 707 1217 755 prestare
1256 715 1341 740 non
1371 710 1528 756 posset,

51 757 66 796 i
98 771 142 798 se
173 770 298 811 quem
327 755 513 811 prefatus
543 770 636 795 sum
665 755 879 795 Amedeus
909 756 1213 809 Berengarium
1234 756 1291 796 ita
1313 758 1529 799 convenit:

54 771 164 852 ‘glori
195 810 302 851 clam
332 820 371 852 te
403 818 474 861 est,
507 810 674 851 domine
704 811 775 863 mi,
806 825 932 865 quam
964 811 1146 851 invisum
1184 826 1259 852 rex
1289 811 1418 866 Hugo
1456 813 1530 852 im-

50 867 167 920 perio
212 881 256 907 se
299 866 404 906 duro
444 865 601 906 Italicis
641 867 803 906 cunctis
844 866 1048 918 effecerit3
1099 867 1317 920 presertim
1355 881 1451 907 cum
1489 874 1530 909 et

51 921 383 962 concubinarum
404 920 498 961 filiis
519 935 568 961 ac
589 920 965 975 Burgundionibus
993 922 1046 962 sit
1067 921 1292 975 dignitates
1312 921 1486 977 largitus
1500 930 1528 976 ²,

51 991 128 1018 nec
159 975 266 1016 ullus
296 977 534 1017 inveniatur
564 975 748 1028 Italicus,
780 977 853 1031 qui
873 984 945 1017 aut
966 976 1168 1031 expulsus
1189 983 1262 1017 aut
1282 992 1366 1017 non
1394 978 1528 1032 digni-

49 1030 207 1073 tatibus
238 1030 431 1072 omnibus
463 1032 516 1071 sit
545 1032 748 1085 privatus.
804 1031 862 1072 Et
892 1032 1007 1086 quod
1036 1032 1080 1071 in
1100 1046 1243 1085 regem
1264 1046 1349 1072 non
1370 1032 1529 1088 aliquid

51 1085 291 1138 moliuntur,
322 1086 425 1127 haec
457 1100 584 1126 causa
612 1091 686 1137 est,
719 1087 918 1140 quoniam
949 1085 1134 1141 quidem,
1166 1100 1292 1140 quem
1324 1087 1403 1127 sibi
1433 1102 1530 1128 con-

49 1142 224 1183 stituant
284 1141 501 1196 rincipem,
541 1155 625 1181 non
664 1140 831 1182 habent.
897 1141 943 1182 Si
972 1142 1114 1196 itaque
1154 1148 1345 1181 nostrum
1376 1141 1528 1198 aliquis

49 1203 209 1238 mutato
270 1197 423 1247 iabitu,
472 1211 524 1237 ne
571 1204 908 1249 agnossceretur,
963 1198 1012 1237 eo
1063 1195 1251 1237 tenderet
1300 1211 1529 1254 eorumque

48 1251 308 1293 voluntatem
338 1251 580 1306 inquireret,
613 1251 833 1291 consilium
863 1252 985 1293 nobis
1015 1251 1163 1306 procul
1198 1250 1328 1292 dubio
1369 1251 1529 1294 bonum

49 1306 318 1363 exculperet'.
363 1306 471 1348 Cuia
498 1306 798 1361 Berengarius:
830 1307 929 1359 (Τά,
949 1308 1096 1362 inquit,
1119 1312 1230 1347 ‘cuin
1253 1308 1529 1362 commodius,

47 1369 137 1404 tum
177 1376 299 1402 nemo
331 1368 471 1417 potest
506 1361 643 1403 facere
683 1361 855 1403 mclius'.
928 1362 1065 1416 Igitur
1107 1361 1323 1403 Amedeus
1367 1370 1528 1406 mutato

48 1417 207 1470 habitu,
245 1432 341 1457 cum
379 1416 652 1472 pauperibus,
691 1418 763 1472 qui
803 1418 1002 1458 orationis
1043 1418 1180 1472 gratia
1218 1417 1397 1458 Romam
1437 1434 1528 1474 per-

47 1480 165 1528 gunt,
214 1473 392 1513 Romam
436 1472 556 1527 quasi
604 1472 884 1527 profecturuS,
933 1472 1100 1514 Italiam
1147 1473 1264 1526 petit,
1314 1474 1527 1529 principes

49 1528 256 1580 convenit,
286 1534 327 1569 et
357 1528 459 1582 quid
480 1528 769 1582 unusquisque
791 1528 907 1568 cordi
928 1528 1101 1569 haberet
1120 1528 1358 1582 inquisivit3
1390 1544 1527 1584 neque

48 1584 159 1624 enim
190 1583 337 1624 eodem
369 1583 563 1624 omnibus
594 1598 638 1623 se
668 1583 815 1624 habitu
845 1582 1105 1634 ostendebat,
1135 1597 1247 1623 nunc
1267 1583 1389 1637 niger
1413 1584 1483 1625 alii
1495 1586 1526 1637 b,

48 1637 286 1680 subrubeus
334 1638 417 1690 alii,
471 1637 710 1678 maculosus
754 1638 823 1678 alii
866 1638 1101 1679 videbatur.
1179 1638 1338 1678 Verum
1387 1639 1525 1693 ‘fa1na‚

47 1693 206 1735 malum
247 1708 328 1748 quo
367 1707 451 1733 non
488 1693 667 1733 velotius
707 1692 839 1733 ullum
879 1692 1110 1734 mobilitate
1141 1694 1307 1747 viget'ss,
1350 1709 1447 1736 eum
1483 1696 1527 1736 in

47 1748 170 1790 Italia
209 1763 312 1800 esse,
357 1747 531 1789 auribus
569 1749 679 1802 regis
719 1749 911 1789 innotuit.
985 1749 1123 1800 Quem
1165 1749 1265 1788 dum
1305 1749 1527 1803 diligenter

46 1802 211 1845 iuberet
250 1804 474 1858 inquirere,
518 1803 608 1858 ipse
679 1803 857 1844 rolixam
899 1810 939 1844 et
975 1803 1301 1859 pulcherrimam
1347 1803 1526 1846 barbam

45 1859 140 1914 pice
170 1858 274 1899 adeo
306 1858 528 1905 defedavit,
559 1859 649 1913 cap'
669 1858 730 1899 los
760 1859 990 1900 subaureos
1023 1858 1243 1913 nigredine
1273 1859 1526 1914 immutavit,

43 1915 186 1955 fatiem
222 1914 475 1969 deturpavit,
515 1913 695 1955 debilem
734 1913 895 1966 fincxit,
939 1913 1044 1955 adeo
1081 1919 1128 1954 ut
1165 1914 1273 1954 inter
1302 1929 1524 1969 pauperes,

44 1970 156 2025 regis
192 1969 235 2009 in
273 1969 485 2025 presentia
524 1969 803 2021 comedentes,
843 1984 887 2010 se
922 1970 1012 2024 regi
1053 1968 1213 2009 nudum
1245 1970 1483 2012 ostenderet
1495 1979 1522 2023 ⁰,

45 2031 86 2066 et
115 2031 274 2065 vestem
303 2025 356 2066 ab
387 2039 436 2066 eo
476 2039 559 2079 qua
594 2024 840 2065 indueretur
874 2025 1098 2080 acciperet,
1136 2030 1177 2065 et
1218 2025 1420 2080 quicquid
1448 2041 1524 2068 rex

48 2080 100 2120 de
129 2080 385 2135 Berengario
417 2086 458 2121 et
486 2094 529 2121 se
560 2080 652 2134 ipso
689 2079 930 2135 loqueretur
963 2079 1140 2121 audiret.
1207 2080 1303 2120 Hoc
1342 2080 1524 2136 denique

46 2134 172 2175 modo
218 2136 380 2176 cunctis
424 2134 742 2190 diligentissime
784 2136 1069 2190 perscrutatis,
1118 2149 1203 2175 non
1248 2135 1396 2177 eodem
1441 2152 1524 2192 quo

45 2197 221 2232 venerat
262 2189 388 2231 modo
432 2204 529 2230 cum
573 2190 807 2231 oratoribus
857 2197 919 2232 est
966 2204 1195 2244 regressus.
1272 2191 1527 2247 Preceperat

45 2246 158 2287 enim
186 2260 262 2287 rex
297 2245 509 2286 clusarum
550 2245 806 2297 custodibus,
824 2268 827 2271 ·
846 2261 897 2287 ne
938 2246 1181 2301 quempiam
1219 2247 1395 2288 transire
1432 2263 1524 2303 per-

46 2301 270 2352 mitterent,
300 2301 381 2341 nisi
411 2301 540 2355 priUS,
573 2302 666 2355 quis
696 2308 817 2352 esset,
847 2300 1037 2356 diligenti
1073 2302 1395 2356 investigatione
1432 2317 1523 2357 per-

47 2357 272 2411 quirerent.
339 2355 465 2408 Quod
504 2355 718 2397 Amedeus
758 2356 947 2408 audiens,
992 2371 1068 2411 per
1106 2357 1221 2397 invia
1260 2357 1441 2411 quedam
1485 2364 1526 2399 et

45 2425 197 2466 aspera
225 2410 329 2451 nulli
357 2411 566 2452 custodita
594 2411 686 2452 loca
716 2412 969 2466 pertransiit,
1000 2418 1125 2467 atque
1146 2411 1200 2452 ad
1220 2411 1525 2467 Berengarium

47 2480 146 2507 cum
176 2481 226 2507 ea
255 2481 381 2521 quam
410 2466 556 2507 audire
586 2466 718 2508 voluit
745 2466 953 2521 legatione
985 2467 1190 2522 pervenit.

163 2521 225 2562 19.
270 2522 366 2562 Hoc
395 2522 438 2561 in
467 2529 656 2576 tempore
687 2537 763 2563 rex
791 2522 920 2576 Hugo
951 2522 1059 2563 datis
1089 2522 1237 2563 decem
1257 2535 1524 2562 nummorum

48 2575 201 2617 modiis
230 2590 380 2632 pacem
411 2591 506 2617 cum
537 2578 768 2632 Hungariis
798 2577 908 2629 fecit,
948 2591 1055 2632 quos
1094 2577 1147 2617 ab
1186 2575 1310 2617 Italia
1338 2577 1523 2631 acceptis

47 2630 266 2672 obsidibus
309 2631 486 2687 expulit,
529 2639 656 2687 atque
699 2632 743 2672 in
785 2631 1036 2686 Hispaniam
1076 2632 1173 2672 dato
1211 2632 1269 2672 eis
1310 2631 1524 2686 preduced

49 2711 79 2745 a)
104 2712 148 2738 Cu
170 2715 195 2738 1.
276 2713 306 2745 b)
339 2715 407 2740 aliis
437 2715 603 2740 subniueus
633 2716 701 2740 aliis
729 2722 770 2740 m.
802 2715 871 2740 aliis
899 2722 928 2740 v.
952 2715 980 2740 5.
1010 2715 1055 2740 5a.
1137 2712 1163 2744 c)
1184 2721 1216 2739 se
1240 2714 1303 2744 regi
1331 2714 1523 2739 seminudum

48 2753 223 2778 ostenderet
244 2754 343 2778 ultima
364 2754 448 2778 verba
473 2755 576 2779 codicis
598 2754 625 2779 3.
708 2753 738 2784 d)
762 2754 928 2785 perducere
950 2761 1025 2779 corr.
1047 2753 1214 2784 preducere
1237 2754 1261 2778 1.

48 2824 84 2866 1)
97 2825 148 2857 Cf.
163 2837 268 2869 supra
282 2827 340 2859 III
356 2837 384 2860 c.
401 2829 459 2861 21.
512 2828 550 2870 2)
565 2829 617 2861 Of.
633 2828 690 2860 III
710 2838 741 2859 c.
757 2828 814 2867 44,
828 2828 859 2860 V
872 2838 900 2860 c.
916 2828 947 2860 6.
999 2826 1037 2870 3)
1048 2828 1153 2869 Verg.
1169 2827 1256 2859 Aen.
1273 2828 1335 2867 IV,
1348 2827 1428 2860 174.
1443 2828 1523 2861 175.
