1902 3200
409 275 709 309 LIUDPRANDI
737 275 964 308 LEGATIO.
1017 277 1120 308 5—7.
1446 280 1510 311 139

38 403 202 430 morum
232 401 435 443 paparum
464 384 533 425 alii
564 391 661 426 sunt
689 385 874 439 relegati,
905 385 975 426 alii
1004 384 1129 426 adeoa
1154 385 1296 439 aflicti,
1328 394 1510 443 utneque

39 444 270 485 cotidianos
299 446 491 497 sumptus
520 454 598 482 nec
629 439 898 482 elemosinam
934 441 1086 482 habere
1124 441 1320 496 quirent?
1363 443 1511 484 Nonne

37 498 290 541 Adelbertus
338 495 658 538 contumeliosas
702 495 858 538 litteras
902 496 1092 537 Romano
1137 504 1178 537 et
1222 496 1510 552 Constantino,

40 553 328 596 decessoribus
349 553 445 603 tuis,
466 550 789 606 imperatoribus
810 551 954 592 misit?
983 551 1132 592 Nonne
1154 553 1512 595 sanctissimorum

40 608 324 665 apostolorum
354 606 552 648 ecclesias
581 608 738 662 rapinis
769 606 1026 662 expoliavit?
1066 607 1171 659 Quis
1202 622 1256 648 ex
1285 608 1408 650 vobis
1438 610 1512 649 1111-

37 663 315 720 peratoribus,
345 662 434 703 zelo
465 662 532 703 dei
559 662 720 715 ductus,
752 669 837 703 tam
863 662 1082 717 indignum
1112 662 1276 704 facinus
1297 664 1513 705 vindicare

39 726 80 761 ct
107 726 294 760 sanctam
323 718 545 760 ecclesiam
575 719 618 758 in
647 724 801 759 statum
832 719 1049 773 proprium
1076 717 1302 760 reformare
1324 720 1513 761 curavit?

37 774 295 830 Neglexistis
325 789 412 826 vos,
452 788 536 814 non
564 773 752 829 neglexit
791 773 985 814 dominus
1024 788 1155 825 meus,
1198 775 1271 829 qui
1301 789 1326 815 a
1355 775 1511 817 finibus

37 838 173 872 terrae
203 844 377 885 surgens
399 830 662 884 Romamque
696 829 880 881 veniens,
912 829 1063 885 impios
1099 829 1286 883 abstulit,
1324 837 1365 872 et
1396 846 1513 872 sanc-

0 920 1 927 ,
36 893 177 928 torum
214 885 499 941 apostolorum
537 885 704 925 vicariis
740 890 991 939 potestatem
1029 891 1069 926 et
1106 884 1307 927 honorem
1346 901 1513 928 0111110111

39 941 303 983 contradidit.
360 940 636 981 Postmodum
666 955 765 981 vero
795 941 1057 995 insurgentes
1089 948 1234 982 contra
1264 957 1308 983 se
1339 949 1379 983 et
1396 942 1512 983 dom·

38 997 171 1037 numl'
209 996 499 1052 apostolicum,
535 996 655 1052 quasi
691 996 961 1036 iurisiurandi
997 995 1233 1049 violatores,
1274 997 1512 1053 sacrilegos,

39 1053 305 1093 dominorum
336 1066 506 1093 suorum
536 1050 861 1107 apostolicorum
898 1057 1088 1103 tortores,
1128 1057 1328 1106 raptores,
1367 1068 1514 1094 secun—

38 1107 140 1148 dum
176 1107 345 1148 decreta
382 1108 680 1162 imperatorum
719 1107 1016 1159 Romanorum,
1057 1108 1292 1161 Iustiniani,
1330 1108 1514 1150 Valenti-

35 1163 161 1215 niani,
192 1159 431 1204 Theodosii
449 1169 490 1203 et
519 1169 791 1214 caeterorum,
831 1161 993 1215 cecidit,
1032 1162 1250 1217 iugulavit,
1283 1163 1513 1218 suspendit,

36 1226 78 1260 et
118 1217 241 1259 exilio
280 1217 502 1273 relegavit,
547 1232 655 1273 quae
699 1218 733 1257 si
777 1232 861 1258 non
903 1217 1070 1271 faceret,
1112 1218 1280 1273 impius,
1321 1220 1513 1273 iniustus,

41 1273 237 1326 crudelis,
275 1280 479 1329 tyrannus
516 1280 637 1316 esset.
704 1272 850 1313 Palam
890 1278 964 1326 est,
1003 1273 1116 1329 quod
1155 1274 1436 1329 Berengarius
1476 1283 1516 1317 et

37 1329 292 1371 Adelbertus
323 1330 388 1370 sui
417 1327 570 1370 milites
601 1329 750 1382 effecti,
781 1343 959 1384 regnum
980 1329 1173 1370 Italicum
1199 1338 1364 1386 sceptro
1386 1345 1514 1372 aureo

37 1400 92 1427 ex
121 1386 209 1426 eius
238 1399 366 1425 manu
404 1391 716 1440 susceperant1,
762 1391 802 1425 et
829 1385 1096 1440 presentibus
1137 1387 1267 1427 servis
1307 1387 1402 1439 tuis,
1445 1387 1516 1442 qui

36 1455 148 1482 nunc
177 1455 310 1496 usque
340 1447 564 1495 supersunt
593 1447 634 1482 et
662 1440 741 1481 hac
770 1440 814 1480 in
844 1440 1012 1482 civitate
1042 1440 1213 1495 degunt,
1245 1443 1515 1484 iureiurando

38 1496 165 1538 fidem
193 1497 487 1551 promiserunt.
546 1496 602 1537 Et
632 1497 742 1552 quia,
780 1504 1029 1551 suggerente
1067 1497 1246 1550 diabolo,
1286 1497 1393 1538 hanc
1436 1513 1516 1539 101·-

35 1551 119 1593 fide
148 1551 369 1603 violarunt,
400 1552 508 1593 iuste
538 1551 648 1604 illos,
688 1552 807 1607 quasi
846 1551 1079 1593 desertores
1122 1553 1286 1608 sibique
1326 1514 1515 1606 rebelleS,

36 1621 166 1662 regno
196 1608 398 1662 privavit,
431 1606 546 1662 quod
566 1608 624 1649 ita
645 1607 821 1649 subditis
843 1607 919 1648 tibi
942 1615 982 1648 et
1001 1608 1268 1663 postmodum
1291 1609 1517 1650 rebellibus

39 1662 225 1704 faceres'.

147 1719 186 1759 ss.
231 1718 332 1760 ‘Sed
360 1721 467 1771 non',
499 1719 568 1770 ait,
600 1718 831 1759 ‘Adelberti
861 1718 941 1759 1100
970 1718 1191 1774 profitetur
1220 1719 1388 1761 miles‘2.
1436 1720 1517 1762 Oui

37 1775 229 1830 inquam:
266 1774 328 1815 <Si
357 1788 476 1815 secus
507 1773 673 1826 dixerit,
704 1788 893 1814 meorum
923 1774 1074 1829 aliquis
1100 1774 1293 1827 militum,
1326 1777 1361 1817 si
1382 1776 1515 1829 iubes,

37 1844 143 1883 cras,
174 1831 232 1870 ita
262 1845 349 1871 rem
380 1844 484 1882 esse,
525 1829 662 1871 duello
700 1829 941 1871 declarabit.
1009 1830 1136 1881 Esto',
1173 1831 1321 1886 inquit,
1360 1831 1518 1873 ‘fecerit

39 1885 154 1937 haee,
184 1892 231 1926 ut
258 1885 333 1938 ais,
363 1885 482 1926 iuste.
541 1885 665 1926 Nunc
695 1899 771 1925 cur
799 1886 965 1940 imperii
995 1887 1127 1926 nostri
1147 1887 1376 1927 terminos*
1408 1886 1515 1928 bello

38 1940 319 1996 incendioque
356 1955 580 1995 aggressus
620 1941 685 1993 sit,
723 1941 889 1995 expedi.
957 1940 1094 1981 Amici
1126 1956 1303 1989 eramus,
1344 1943 1517 1984 societa-

38 2003 208 2052 temque
251 1996 601 2049 indissolubilem,
649 1997 808 2051 nuptiis
852 1997 1128 2052 interpositis,
1174 1997 1313 2039 facere
1359 1999 1516 2053 cogita-

44 2052 203 2093 bamus.

152 2109 189 2149 7.
233 2106 430 2160 Terram’,
460 2108 646 2162 inquam,
680 2112 820 2163 ‘quam
841 2108 1006 2163 imperii
1036 2109 1097 2149 tui
1119 2123 1209 2150 esse
1231 2124 1387 2161 narras,
1413 2125 1516 2165 gens

41 2162 177 2204 incola
208 2171 249 2204 et
285 2162 431 2218 lingua
465 2163 604 2204 Italici
640 2164 758 2218 regni
800 2179 890 2205 esse
928 2163 1125 2205 declarat.
1193 2165 1517 2221 Tenueruntque

39 2218 153 2259 illam
193 2219 442 2275 potestative
479 2218 769 2274 Langobardi,
816 2234 940 2274 quam
978 2226 1019 2261 et
1055 2219 1310 2274 Lodovicus,
1353 2221 1518 2277 Lango-

39 2274 269 2316 bardorum
299 2289 375 2315 seu
404 2275 665 2315 Francorum
694 2278 933 2330 imperator,
966 2275 1017 2316 de
1049 2291 1175 2317 manu
1199 2276 1517 2329 Saracenorum,

41 2330 306 2372 multitudine
336 2337 556 2386 prostrata,
586 2330 779 2371 liberavit
792 2337 820 2370 3.
881 2331 965 2372 Sed
996 2337 1037 2373 et
1064 2331 1355 2387 Landulphus,
1387 2332 1519 2374 Bene—

42 2392 318 2428 ventanorum
349 2394 388 2427 et
428 2384 727 2441 Captianorum
765 2387 974 2442 princeps.
1013 2389 1229 2442 septennio
1268 2389 1518 2443 potestative

40 2456 133 2483 eam
164 2441 243 2483 sibi
273 2441 514 2497 subiugavit
527 2449 555 2482 4.
614 2442 703 2483 Nec
733 2456 758 2482 a
788 2442 998 2484 servitutis
1025 2444 1114 2484 cius
1136 2458 1208 2485 seu
1231 2458 1518 2485 successorum

40 2525 69 2558 a)
93 2533 110 2551 a
131 2528 160 2551 te
183 2526 209 2552 G.
232 2526 307 2552 adeo
329 2527 401 2553 coni.
426 2526 604 2551 Giesebreclzc.
685 2526 716 2558 b)
739 2527 893 2552 dominum
917 2527 944 2553 C.

44 2588 81 2631 1)
108 2591 209 2622 Anno
237 2590 306 2622 952
340 2591 520 2632 Augustae
555 2591 590 2622 in
626 2590 776 2622 concilio
803 2591 908 2623 totius
936 2591 1047 2632 regni.
1150 2591 1186 2632 2)
1215 2592 1269 2623 De
1298 2602 1365 2633 quo
1396 2591 1439 2622 cf.
1467 2592 1518 2622 in-

41 2638 95 2670 fra
123 2649 152 2670 c.
172 2639 229 2671 29.
305 2637 343 2681 3)
370 2641 474 2671 Bario
512 2640 656 2671 civitate
683 2649 712 2670 3.
742 2639 809 2669 871
841 2643 1051 2681 expugnata,
1079 2649 1182 2680 quam
1211 2640 1337 2672 Graeci
1365 2640 1518 2671 Decem-

43 2688 97 2719 bri
130 2697 250 2719 mense
285 2698 316 2719 a.
349 2688 418 2719 876
454 2691 727 2730 occupaverunt.
827 2685 865 2728 4)
888 2687 1049 2719 Eundem
1079 2687 1293 2719 Landolfum
1325 2688 1520 2730 principem

44 2737 323 2779 potentissimum
354 2735 580 2779 (912—943)
611 2739 766 2778 spectat,
802 2736 862 2777 qui
889 2736 1085 2768 Saracenos
1117 2746 1138 2766 a
1170 2736 1350 2768 Gariliano
1388 2736 1521 2778 expulit

45 2783 105 2824 (cf.
135 2785 263 2827 Antap.
291 2784 328 2815 11
355 2796 386 2817 c.
413 2786 470 2817 51.
500 2786 554 2817 52.
581 2785 632 2816 IV
660 2794 690 2815 c.
713 2782 762 2826 8).
802 2784 896 2815 Huic
922 2794 943 2815 a
971 2783 1099 2815 Cosma
1125 2785 1286 2826 patricio,
1313 2786 1470 2817 Romano
1491 2785 1518 2816 I.

46 2833 252 2876 imperante,
278 2837 315 2864 ut
342 2833 387 2865 ad
413 2834 666 2866 subiectionem
694 2833 835 2873 rediret,
861 2843 1066 2874 persuasum
1095 2843 1171 2865 esse
1199 2837 1318 2864 narrat
1345 2834 1519 2875 Georgius

47 2880 226 2914 Cedrenus
254 2880 454 2924 (Historiar.
475 2883 523 2922 ΙΙ,
551 2880 651 2923 355).
689 2881 837 2913 Cosmae
866 2881 1126 2923 expeditionem
1155 2881 1316 2913 Italicam
1347 2881 1519 2914 Constan-

45 2931 138 2963 tinus
163 2931 484 2973 Porphyrogenitus
511 2942 601 2963 anno
629 2930 699 2961 934
726 2930 845 2961 tribuit
871 2930 942 2970 (De
972 2930 1090 2961 cerim.
1119 2929 1221 2962 aulae
1248 2931 1331 2972 Byz.
1360 2931 1396 2962 ΙΙ
1425 2942 1453 2963 c.
1475 2931 1520 2961 44

44 2991 79 3023 p.
107 2981 187 3021 660,
216 2981 259 3013 cf.
289 2980 330 3012 de
359 2980 449 3012 adm.
476 2981 558 3023 imp.
588 2991 617 3012 0.
647 2979 787 3009 51—5‘2
815 2990 847 3020 p.
879 2977 976 3020 243).

1526 399 1591 424 968.

1529 438 1594 463 Iun.
1620 439 1644 464 7.

1533 1906 1541 1914 '
1554 1912 1674 1935 terram.
