1878 3201
182 405 247 430 968.

111 784 164 818 Ἴ).
179 786 246 812 362.

265 283 332 314 164
625 282 925 315 LIUDPRANDI
951 282 1174 316 LEGATIO.
1228 283 1382 316 62—63.

262 399 445 446 rentur1,
477 400 682 448 quaruma
712 393 959 434 auctoritate
989 393 1208 446 cumipse,
1240 398 1329 433 tum
1351 407 1613 434 successores
1635 393 1736 443 eius,

261 448 421 505 absque
455 462 662 504 paparum
691 448 899 503 permissu
936 446 1071 502 palliis
1112 453 1337 488 uterentur.
1396 448 1465 488 Ex
1502 462 1585 503 quo
1625 448 1739 502 turpi

261 504 514 545 commercio
545 503 846 559 vituperandus
886 516 976 542 mos
1011 500 1194 554 inolevit,
1234 509 1279 542 ut
1315 517 1399 544 non
1438 502 1573 544 solum
1612 503 1738 558 patri-

261 559 424 612 archae,
464 558 538 600 sed
575 560 701 600 etiam
741 557 930 612 episcopi
968 557 1096 597 totius
1129 557 1347 610 Graeciae,
1389 557 1524 612 palliis
1554 564 1736 599 utantur.

261 615 389 667 Quod
419 629 544 670 quam
575 612 806 654 absurdum
836 612 900 664 sit,
939 626 1109 652 censore
1140 626 1245 653 oms
1280 627 1365 653 non
1401 619 1473 654 est.
1532 613 1609 654 Est
1638 627 1739 668 ergo

262 685 404 711 meum
435 668 671 719 consilium,
711 673 899 708 sanctam
928 666 1019 708 fieri
1049 681 1152 722 syno
1187 682 1270 719 um,
1312 674 1352 708 et
1380 668 1434 708 ad
1463 668 1638 709 eandem
1668 683 1739 709 vo-

263 726 348 766 cari
378 723 669 779 Polyeuctum.
730 721 855 774 Quod
886 722 921 762 si
950 723 1106 775 venire,
1145 730 1185 764 et
1216 722 1442 777 σφάλματα
1479 737 1565 776 sua,
1605 723 1648 764 id
1679 729 1741 764 est

261 781 384 831 vitia,
425 779 618 834 superius
658 778 812 832 scripta
850 778 1051 818 canonice
1090 777 1313 819 emendare
1351 777 1549 831 noluerit,
1591 781 1608 796 *
1627 778 1740 834 quod

264 835 516 876 sanctissimi
556 847 737 874 canones
778 832 1058 885 decreverint,
1094 833 1179 874 fiat.
1247 833 1335 873 Vos
1370 833 1557 884 interim,
1593 848 1741 888 prepo-

261 897 394 931 tentes
416 890 596 944 augusti,
627 895 673 928 ut
694 888 903 942 coepisfis,
934 887 1137 940 laborate,
1160 889 1325 940 efficite,
1348 895 1393 928 ut
1414 889 1449 928 si
1468 887 1573 929 nolit
1592 888 1740 929 nobisb

262 945 537 1000 Nicephorus,
583 958 707 998 quem
752 944 952 984 canonice
991 957 1166 998 arguere
1210 943 1483 998 disponimUS,
1530 942 1741 996 oboedjre,

262 1001 407 1042 audiat
436 1014 523 1052 vos,
556 1013 735 1054 quorum
766 999 898 1053 copiis
927 1013 1013 1039 non
1042 999 1169 1040 audet
1198 998 1481 1039 cadaverosus
1508 1013 1740 1040 occurrere.

262 1056 371 1109 Hoc,
402 1057 589 1110 inquam,
621 1061 694 1107 est,
728 1054 841 1108 quod
871 1068 945 1094 nos
982 1053 1197 1109 apostoli2,
1238 1054 1398 1094 domini
1426 1061 1467 1095 et
1497 1053 1742 1095 commilito-

239 1127 336 1161 ¹nes
366 1111 511 1162 nostri,
541 1111 678 1151 facere
708 1108 865 1150 volunt.
924 1110 1020 1149 Non
1051 1116 1112 1150 est
1141 1125 1165 1150 a
1197 1108 1371 1150 Graecis
1400 1109 1618 1150 Romanus
1647 1108 1742 1150 vilis

262 1166 467 1209 tenendus
508 1166 638 1218 locus,
681 1165 779 1219 quia
818 1165 990 1205 recessit
1028 1164 1125 1206 inde
1160 1165 1389 1219 imperator
1419 1164 1742 1217 Constantinus,

238 1238 409 1264 ,verum
440 1235 488 1263 eo
510 1235 646 1276 magls
668 1219 879 1272 colendus,
909 1219 1185 1272 venerandus,
1216 1219 1468 1272 adorandus,
1501 1220 1601 1275 quia
1620 1235 1743 1261 vene-

238 1286 360 1320 »runt
388 1277 488 1318 illuc
519 1274 708 1331 apostoli,
740 1274 930 1316 doctores
962 1276 1108 1327 sancti,
1138 1276 1287 1316 Petrus
1318 1281 1359 1316 et
1388 1274 1555 1316 Paulus.
1605 1275 1671 1316 Ao
1692 1274 1743 1316 de

124 1560 199 1585 Dec.
222 1560 247 1585 6.

262 1332 326 1373 his
363 1333 463 1374 satis
504 1346 571 1372 me
612 1331 831 1385 scripsisse
872 1330 1075 1382 sufficiat,
1115 1330 1247 1371 donec
1285 1331 1363 1371 deo
1393 1329 1595 1384 largiente
1625 1344 1743 1371 sanc-

262 1389 605 1441 tissimorumque
635 1385 923 1440 apostolorum
955 1385 1225 1437 orationibus,
1258 1401 1311 1426 ex
1333 1384 1596 1426 Graecorum
1627 1400 1744 1441 erep-

263 1449 330 1485 tus
360 1443 569 1493 manibus,
599 1455 674 1481 vos
706 1440 868 1482 adeam.
923 1440 979 1481 Et
1008 1446 1108 1480 tunc
1138 1455 1223 1481 non
1251 1440 1418 1481 taedeat
1447 1440 1598 1493 dicere,
1630 1440 1744 1496 quod

263 1499 331 1540 1110
362 1512 474 1539 nunc
504 1497 645 1552 piguit
675 1495 871 1537 scribere.
931 1496 1054 1535 Nunc
1086 1496 1138 1536 ad
1170 1496 1433 1550 propositum
1463 1496 1698 1536 redeamus.

375 1555 440 1596 63.
500 1553 662 1594 Octavo
693 1551 794 1592 Idus
815 1551 1065 1592 Decembris
1094 1551 1323 1592 Leucatem
1353 1551 1557 1603 venimus,
1588 1551 1674 1592 ubi·
1691 1550 1743 1592 ab

263 1611 461 1666 episcopo
492 1609 624 1663 ipsius
656 1607 736 1648 loci
768 1605 974 1657 eunucho,
1012 1607 1121 1647 sicut
1151 1613 1191 1647 et
1221 1606 1378 1661 ubique
1408 1606 1461 1647 ab
1492 1605 1596 1657 aliis,
1627 1606 1745 1646 inhu-

263 1665 507 1707 manissime
553 1663 738 1717 suscepti
783 1669 824 1703 et
867 1662 1032 1702 tractati
1077 1676 1234 1702 sumus.
1306 1662 1356 1702 In
1401 1662 1514 1701 omni
1552 1661 1747 1714 Graecia,

262 1723 483 1763 veritatem
505 1720 613 1771 dico,
642 1732 726 1758 non
746 1717 937 1769 mentior,
967 1732 1053 1758 non
1072 1718 1210 1772 reperi
1230 1716 1455 1772 hospitales
1477 1717 1700 1772 episcopos
1714 1724 1743 1757 3.

264 1777 430 1819 Divites
462 1782 568 1827 sunt,
600 1787 807 1828 pauperes
839 1779 952 1825 sunt,
985 1772 1135 1814 divites
1166 1773 1303 1813 aureis
1326 1772 1476 1827 quibus
1497 1771 1621 1827 plena
1640 1771 1746 1813 ludi-

263 1840 331 1874 tur
360 1839 507 1883 a-rca43
538 1843 746 1884 pauperes
777 1828 976 1869 ministris
1007 1843 1082 1869 seu
1111 1827 1372 1868 utensilibus.
1424 1827 1511 1867 Soli
1531 1828 1746 1869 mensulae

264 1887 451 1929 assident
487 1884 646 1936 nudae,
687 1884 1001 1938 paximacium⁵
1043 1883 1123 1924 sibi
1162 1889 1443 1938 apponentes,
1492 1882 1744 1937 balneaque⁶

264 1950 365 1984 tunc
396 1943 505 1983 vitro
536 1939 782 1995 permodico
821 1953 905 1979 non
948 1938 1160 1990 bibentes,
1202 1938 1275 1979 sed
1314 1937 1588 1980 sorbillantes.
1656 1938 1745 1993 Ipsi

264 1997 465 2049 vendunt,
496 1996 578 2052 ipsi
608 2000 770 2046 emunt,
809 1994 913 2035 ostia
943 1995 1024 2048 ipsi
1055 1993 1265 2046 claudunt,
1305 1994 1386 2048 ipsi
1416 1994 1626 2048 aperiunt,
1663 1994 1745 2048 ipsi

266 2053 456 2108 dapiferi,
497 2052 579 2106 ipsi
609 2064 826 2105 agasoneS,
867 2050 947 2104 ipsi
987 2063 1170 2104 capones
1202 2076 1252 2080 —
1284 2049 1378 2101 sed,
1419 2048 1492 2089 ha!
1534 2063 1746 2104 caupones

266 2109 378 2150 volui
423 2108 618 2158 scribere,
662 2120 809 2146 verum
849 2119 915 2145 res
954 2104 1068 2158 ipsa,
1115 2119 1222 2159 quae
1262 2118 1361 2145 vera
1399 2110 1480 2155 est,
1524 2105 1745 2145 veritatem

267 2165 392 2206 etiam
422 2162 633 2203 nolentem
665 2158 868 2216 compulit
899 2160 1081 2200 scribere
1110 2186 1165 2189 —
1195 2159 1373 2200 dicimus
1404 2160 1528 2212 enim,
1560 2159 1660 2215 quia
1680 2173 1746 2199 ca-

267 2234 398 2275 pones
430 2224 537 2269 sunt,
568 2216 612 2257 id
641 2223 714 2268 cst,
747 2215 965 2268 eunuchi⁷,
998 2215 1111 2270 quod
1142 2215 1392 2255 canonicum
1420 2228 1506 2255 non
1534 2222 1618 2267 est,
1649 2220 1746 2255 sunt

267 2281 307 2316 01
328 2288 552 2329 caupones,
574 2271 618 2312 id
639 2278 700 2312 est
717 2271 953 2323 tabernarii,
977 2270 1091 2325 quod
1107 2278 1253 2312 contra
1269 2284 1449 2311 canones
1466 2277 1548 2322 est,
1566 2284 1746 2326 quorum

436 2328 631 2382 ‘Incipit8
663 2334 702 2368 et
732 2326 889 2367 claudit
919 2340 1097 2366 coenum
1125 2325 1291 2366 lactuca
1321 2333 1525 2378 tenacem,

437 2383 644 2426 Claudere
675 2396 783 2437 quae
816 2395 967 2422 coenas
996 2380 1161 2422 lactuca
1191 2380 1351 2422 solebat
1379 2381 1587 2422 avorum'!

269 2481 297 2513 a)
321 2487 381 2512 qua
404 2480 430 2505 G.
512 2478 541 2510 b)
566 2479 606 2503 ita
629 2478 755 2509 corrui,-
777 2477 862 2502 vobis
886 2477 915 2502 C.

273 2566 307 2607 1)
334 2566 492 2599 Aderant
527 2565 740 2597 ordinationi
775 2566 849 2596 eius
876 2564 1000 2596 vicarii
1028 2573 1141 2605 papae
1169 2563 1335 2602 Romani,
1371 2564 1429 2604 qui
1456 2564 1491 2594 in
1518 2562 1744 2605 patriarchali

269 2615 354 2647 sede
382 2625 460 2646 eum
488 2613 724 2653 collocarunt,
764 2613 807 2644 cf.
836 2612 964 2653 Georg.
992 2612 1158 2643 Monaeh.
1195 2611 1236 2643 de
1266 2611 1444 2644 Constant.
1473 2622 1503 2643 c.
1532 2610 1576 2643 45
1603 2623 1636 2654 p.
1666 2611 1748 2642 913.

272 2665 308 2704 2)
327 2664 451 2695 Petrus
479 2666 513 2694 et
539 2661 679 2693 Paulus.
755 2662 792 2702 3)
815 2662 870 2692 De
897 2660 1175 2702 inhospitalitate
1204 2663 1238 2691 et
1263 2660 1477 2701 parsimonia
1503 2660 1748 2702 episcoporum

272 2712 487 2744 Graecorum
512 2711 735 2752 conqueritur
762 2711 832 2741 iam
860 2708 1050 2741 monachus
1079 2708 1321 2749 Sangallensis
1340 2708 1377 2738 II
1406 2718 1436 2740 0.
1457 2708 1490 2739 6.
1566 2707 1605 2750 4)
1624 2709 1746 2740 Iuven.

273 2760 346 2792 Sat.
374 2760 401 2800 I,
429 2759 493 2790 90:
520 2759 634 2801 posita
661 2759 724 2790 sed
750 2757 880 2789 luditur
907 2767 1002 2788 arca.
1104 2755 1140 2798 ὃ)
1168 2757 1190 2788 i.
1219 2767 1248 2788 e.
1276 2766 1403 2798 panem
1430 2757 1608 2788 nauticum
1635 2755 1745 2788 ΒΑΕ.

274 2808 308 2847 6)
328 2807 382 2839 An
408 2808 527 2839 vinum
553 2817 645 2848 aqua
671 2806 820 2848 plurima
848 2806 1080 2848 permixtum?
1182 2803 1217 2845 7)
1245 2803 1458 2845 Polyeuctus
1486 2804 1686 2847 patriarcha
1714 2809 1748 2836 et

272 2857 347 2898 ipse
374 2855 485 2897 spado
512 2855 590 2894 fuit,
619 2854 661 2887 cf.
688 2855 797 2896 Krug,
827 2853 1061 2895 Chronologie
1091 2852 1152 2884 der
1179 2853 1366 2894 Byzantier
1394 2854 1521 2895 11290.
1599 2850 1636 2893 8)
1656 2853 1746 2884 Mar-

272 2903 345 2936 tial.
375 2914 427 2946 ep.
455 2904 558 2943 XIII,
589 2903 643 2935 14.
