1902 3200
270 168 569 201 LIUDPRANDI
595 167 938 201 ANTAPODOSIS.
989 169 1082 202 LIB.
1110 170 1172 202 VI.
1227 172 1282 203 10.
1449 173 1513 203 123

36 280 140 321 Erat
169 280 362 335 apposita
390 278 433 318 X
463 276 701 319 cubitorum
731 276 1007 331 longitudinis
1037 292 1087 319 ac
1117 279 1242 320 ΠΙΙοΓ
1282 281 1513 323 latitudinis
1529 295 1593 320 950.

38 349 194 388 mensa,
226 349 332 390 quae
362 333 614 373 numismata
645 330 792 373 loculis
823 332 1028 387 colligata,
1058 342 1186 389 prout
1217 337 1283 375 cui
1317 351 1368 378 ue
1390 338 1513 379 debe-

36 389 173 443 batur,
203 388 387 430 numeris
416 388 675 429 extrinsecus
705 387 748 427 in
777 386 925 428 loculis
956 389 1134 443 scriptis,
1172 351 1390 432 retingbat.
1450 394 1514 433 In-

35 445 332 500 grediebantur
370 443 552 498 denique
592 449 687 484 ante
731 443 1039 498 imperatorem,
1084 459 1169 486 non
1208 446 1394 498 confuse,
1441 448 1514 489 sed

36 501 273 551 ordinatim,
313 497 544 539 secundum
584 498 774 539 vocantis
813 512 976 547 vocem,
1052 500 1094 539 ui
1134 502 1290 555 scripta
1327 503 1514 543 virorum

36 554 270 598 secundum
302 553 429 595 officii
450 553 696 609 dignitatem
716 555 885 594 nomina
907 514 1122 596 recitalbat.
1183 556 1373 608 Quorum
1395 559 1513 613 prius

34 616 209 652 vocatus
239 617 300 651 est
328 616 466 650 rector
496 610 659 660 domus,
700 610 768 649 cui
803 624 888 650 non
923 610 965 649 in
1004 610 1211 663 manibus,
1257 611 1329 653 sed
1368 613 1410 653 in
1441 613 1514 653 hu-

33 666 160 707 meris
189 666 325 721 posita
356 672 452 706 sunt
480 667 731 706 numismata
753 679 850 706 cum
871 666 1184 721 scaramangis¹
1218 667 1356 708 11110r.
1412 669 1514 710 Post

35 736 158 778 quem
191 735 214 762 o
245 720 499 761 domesticos
528 721 581 762 tis
611 719 841 772 ascalenas,
877 728 917 762 et
948 735 971 761 o
1002 721 1241 776 delongaris
1271 724 1323 764 tis
1353 723 1473 778 ploos
1485 732 1513 775 2,
1560 751 1564 752 ν

33 785 132 818 sunt
150 777 311 827 vocati,
343 790 523 832 quorum
544 775 648 817 alter
668 774 884 828 militibus,
915 777 1213 831 navigantibus
1234 788 1375 833 preest
1395 778 1512 821 alter.

33 832 94 873 Hi
123 833 264 888 itaque
285 834 375 888 pari
397 846 586 883 numero,
617 832 715 886 quia
744 831 927 886 dignitas
958 846 1035 887 par
1065 840 1165 885 erat,
1196 835 1452 876 numismata
1474 843 1514 877 et

31 902 329 942 scaramangas
365 888 654 943 suscipientes,
695 902 769 942 pre
809 887 1075 929 multitudine
1115 904 1199 930 non
1235 890 1320 930 iam
1358 891 1403 931 in
1439 891 1513 932 hu-

33 945 158 986 meris
188 950 471 999 portaverunt,
503 943 576 985 sed
606 941 902 984 adiuvantibus
931 942 1022 984 aliis
1052 952 1150 999 post
1179 960 1222 987 se
1251 960 1347 986 cum
1368 945 1512 988 labore

32 1005 262 1041 traxerunt.
321 1000 422 1040 Post
451 998 526 1040 hos
556 998 729 1039 admissi
768 1005 865 1039 sunt
894 999 1086 1053 magistri
1115 1014 1289 1041 numero
1320 1002 1512 1055 XXIIII,

33 1055 187 1110 quibus
229 1061 425 1109 erogatae
461 1061 558 1095 sunt
592 1055 943 1094 numismatorum
979 1068 1204 1096 aureorum
1233 1055 1378 1108 librae,
1423 1059 1513 1098 uni-

33 1111 185 1164 cuique
206 1108 439 1159 secundum
460 1109 639 1150 eundem
660 1123 882 1149 numerum
903 1109 1083 1151 XXIIII
1109 1125 1203 1151 cum
1226 1114 1511 1168 scaramangis

32 1164 210 1207 duabus.
268 1165 547 1206 Patriciorum
579 1164 730 1205 deinde
770 1165 871 1205 ordo
907 1164 981 1205 hos
1011 1180 1121 1220 pone
1157 1174 1219 1208 est
1250 1175 1431 1219 secutus,
1472 1176 1513 1210 et

32 1220 258 1263 duodecim
287 1220 636 1261 numismatorum
676 1219 793 1262 libris
825 1235 923 1261 cum
953 1223 1241 1278 scaramangia
1272 1237 1353 1264 una
1384 1223 1511 1265 dona-

29 1283 110 1318 tus.
169 1277 255 1329 Qui
284 1276 392 1317 sicut
421 1290 498 1318 nec
528 1276 813 1331 patriciorum,
845 1277 903 1317 ita
932 1291 1010 1317 nec
1040 1276 1255 1331 librarum,
1286 1279 1366 1320 nisi
1398 1280 1510 1335 quod

30 1333 260 1388 unicuique
290 1331 481 1383 dabatur,
512 1346 734 1372 numerum
764 1332 864 1372 scio.
923 1332 1067 1374 Turba
1096 1341 1192 1388 post
1222 1333 1299 1375 hec
1321 1336 1511 1376 inmensa

30 1395 216 1440 vocatur,
241 1387 689 1443 protospathariorum,
718 1387 1040 1443 spathariorum,
1071 1389 1511 1444 spatharocandidato-

29 1451 162 1496 ruma,
192 1443 481 1494 kitonita-rum,
513 1442 877 1498 manglavitarum,
910 1451 1296 1499 protocaravorum,
1329 1461 1510 1502 quorum
1556 1455 1583 1461 “”

27 1500 114 1541 VH
142 1499 261 1551 alius,
292 1499 366 1549 VI,
389 1499 440 1551 V,
462 1499 562 1549 IIII,
584 1499 662 1551 III,
684 1499 739 1548 II,
762 1500 794 1551 I,
826 1500 1059 1540 secundum
1090 1500 1306 1556 dignitatis
1337 1502 1509 1543 modum

26 1563 249 1610 acceperat
277 1554 396 1596 alius.
450 1555 597 1610 Neque
627 1556 738 1596 enim
768 1555 847 1596 hoc
877 1562 917 1597 te
947 1570 1030 1596 una
1059 1558 1298 1611 patratumb
1330 1573 1420 1599 esse
1442 1558 1510 1600 die

27 1611 268 1652 existimare
288 1610 427 1652 velim.
487 1610 667 1665 Ceptum
697 1612 856 1666 quippe
887 1612 1033 1666 quinta
1062 1612 1166 1653 feria
1195 1611 1248 1653 ab
1273 1613 1375 1654 hora
1400 1614 1511 1655 dieic

26 1667 163 1722 prima
192 1681 326 1722 usque
355 1667 398 1707 in
427 1665 574 1706 horam
604 1667 838 1722 quartamd,
878 1674 997 1708 sexta
1036 1674 1076 1708 et
1107 1668 1285 1723 septima
1314 1668 1418 1710 feria
1449 1676 1512 1711 est

26 1723 81 1764 ab
112 1724 363 1778 imperatore
393 1721 568 1762 finitum.
628 1722 706 1763 His
737 1736 918 1778 namque
950 1723 1022 1778 qui
1050 1724 1188 1764 minus
1211 1739 1338 1779 quam
1358 1724 1510 1766 libram

26 1779 260 1834 accipiunt,
303 1792 389 1819 non
426 1778 509 1817 iam
550 1778 816 1833 imperatore,
860 1777 934 1819 sed
972 1778 1330 1833 parakinumenos
1375 1781 1419 1821 in
1462 1796 1511 1823 ea
1545 1806 1563 1813 υ

28 1848 135 1890 quae
164 1840 260 1875 ante
290 1832 447 1889 pascha
478 1840 539 1874 est
568 1840 656 1874 tota
677 1833 913 1874 ebdomada
933 1833 1093 1875 tribuit.
1138 1834 1346 1877 Adstante
1368 1837 1510 1892 itaque

27 1904 107 1942 me,
149 1899 190 1931 et
219 1904 315 1931 cum
346 1888 621 1931 admiratione
657 1904 746 1930 rem
784 1889 1086 1942 considerante,
1127 1906 1204 1973 per
1238 1890 1510 1946 logothetam,

58 1946 131 1987 uid
161 1960 286 2001 super
321 1945 399 1986 hac
440 1959 484 1985 re
515 1945 619 1985 mihi
654 1943 851 2000 placeret,
882 1946 1121 1987 sciscitatus
1175 1952 1238 1988 est
1267 1947 1509 2003 imperator.

66 2002 110 2042 ui
137 2002 327 2058 inquam:
359 2000 588 2042 ‘Placeretg
617 2015 730 2053 sane,
761 2001 822 2041 sih
852 2001 1088 2056 prodesset;
1120 2003 1228 2044 sicut
1258 2010 1298 2045 et
1329 2006 1510 2045 estuanti

27 2056 150 2098 diviti
179 2057 330 2098 Lazari
359 2058 449 2097 visa
478 2057 645 2112 requies
675 2056 906 2112 prodesset,
938 2058 972 2097 si
1003 2059 1282 2113 provenireti:
1317 2060 1384 2100 cui
1411 2061 1509 2115 quia

27 2127 112 2154 non
151 2112 318 2159 accidit,
364 2113 437 2166 qui
476 2127 631 2167 quaeso
663 2112 831 2168 placere
866 2113 1046 2168 potuit'?
1092 2113 1327 2156 Subridens
1367 2116 1508 2171 itaque

26 2169 267 2224 imperator,
297 2166 514 2223 paululum
546 2168 705 2224 pudore
737 2176 983 2217 commotus,
1015 2176 1061 2210 ut
1086 2170 1139 2210 ad
1161 2185 1204 2211 se
1225 2171 1341 2222 irem,
1373 2173 1508 2226 capite

26 2225 174 2276 innuit,
195 2223 453 2279 palliumque
475 2238 675 2279 magnum
705 2239 809 2269 cum¹
829 2239 1053 2265 aureorum
1080 2225 1199 2277 libra,
1230 2240 1355 2281 quam
1377 2226 1508 2268 liben-

25 2287 90 2321 ter
119 2279 245 2329 dedit,
276 2279 474 2321 libentius
504 2281 663 2335 accepi.

27 2588 55 2620 a)
77 2589 305 2614 candidatorum
327 2590 434 2621 reliqua
463 2589 562 2621 capitis
584 2589 683 2613 desan?
706 2588 734 2613 5.
765 2588 817 2614 5a.
850 2589 1123 2621 5a2111⁴ncf07iwn
1147 2592 1265 2615 croisum
1288 2592 1316 2615 in
1339 2592 1428 2616 codice
1453 2592 1505 2618 5a.

28 2629 121 2653 Editio
139 2629 272 2660 princeps
293 2629 383 2653 addit:
410 2632 438 2653 et
460 2629 490 2653 id
512 2636 607 2659 genus
631 2628 784 2654 clientum.
848 2628 876 2660 b)
893 2634 1031 2660 paratum
1048 2630 1072 2654 ’2.
1137 2636 1162 2659 (·)
1179 2630 1226 2654 die
1245 2631 1269 2654 1.
1293 2632 1318 2656 2.
1380 2631 1505 2663 d)·1uar-

27 2672 90 2693 tam
106 2670 134 2693 et
151 2671 236 2693 sexta
253 2671 282 2693 et
298 2675 320 2692 s.
337 2667 357 2692 f.
375 2668 410 2692 ab
428 2668 454 2692 2.
497 2669 526 2699 e)
548 2668 620 2691 dnae
643 2674 720 2691 voces
744 2667 903 2692 membrana
927 2669 1049 2692 abscissa
1074 2669 1232 2693 exciderunt
1255 2670 1283 2693 in
1309 2670 1333 2693 2.
1375 2670 1396 2702 f)
1413 2672 1505 2695 susci-

28 2710 106 2732 tatus
129 2707 154 2731 2².
237 2714 265 2738 g)
288 2707 412 2732 Placere
436 2708 460 2732 2.
543 2707 571 2738 h)
594 2714 646 2730 vor
668 2707 763 2731 ercidlt
787 2707 814 2730 in
839 2707 865 2732 2.
946 2708 966 2738 i)
992 2715 1043 2731 vos.
1065 2708 1211 2731 obscurior
1235 2709 1260 2732 in
1286 2709 1310 2733 2.

32 2804 66 2847 1)
86 2805 231 2846 Penula,
257 2805 357 2848 pallii
376 2806 536 2839 militaris
555 2817 678 2849 genus.
757 2806 792 2843 2)
814 2806 867 2838 Cf.
890 2806 931 2838 de
952 2807 1017 2839 hoc
1038 2817 1179 2839 munere
1199 2817 1304 2850 supra
1322 2808 1377 2840 111
1397 2818 1426 2840 c.
1448 2808 1503 2841 26.
