1878 3201
314 226 379 257 100

600 222 899 255 LIUDPRANDI
925 221 1267 254 ANTAPODOSIS.
1318 221 1410 252 LIB.
1438 220 1481 251 V.

476 334 543 375 De
582 334 718 387 prima
758 345 902 386 pugna
940 331 1047 371 inter
1086 330 1319 372 sarlionem
1359 337 1400 371 et
1438 329 1701 382 Ansam-ium,
1744 329 1788 369 in

479 403 562 443 qua
598 386 843 427 Wikbertus
874 387 1037 427 occisus
1069 392 1131 426 est
1158 386 1365 441 fugiitque
1395 384 1602 426 Arcodus.

477 444 546 484 De
576 441 658 482 alia
686 455 840 495 pugna,
881 441 925 480 in
956 454 1040 495 qua
1068 440 1298 481 Anscarius
1327 441 1553 482 Hattonem
1592 439 1788 480 comitem

477 498 598 538 hasta
647 496 814 548 occidit,
858 509 908 535 ac
955 495 1226 550 postmodum
1275 495 1325 536 de
1375 511 1482 552 equo
1532 495 1686 536 cadens
1734 493 1787 535 ab

477 552 666 594 hostibus
697 557 760 591 est
787 551 878 606 ipse
909 550 1088 603 occisus,
1121 549 1365 606 Sarliusque
1394 565 1537 592 marca
1562 551 1733 605 potitur.

478 608 546 648 De
577 607 761 660 Hugone
790 620 901 659 rege,
933 605 1005 660 qui
1027 605 1433 661 Constantinopolim
1452 607 1621 648 nuntios
1647 605 1790 660 dirigit

478 668 651 717 propter
679 675 808 701 naves
838 667 879 701 et
909 660 1095 701 Grecum
1125 661 1279 716 ignem.

477 718 545 758 De
583 731 682 771 rege
718 716 914 770 Hugone,
959 716 1029 770 qui
1065 716 1373 770 Berengarium
1412 723 1615 757 execarea
1644 714 1788 768 voluit,

479 772 553 814 sed
582 777 754 827 propter
772 771 1021 812 Lotharium
1049 786 1135 812 non
1163 772 1312 827 potuit,
1344 772 1416 826 qui
1435 771 1515 811 hoc
1533 771 1789 825 Berengario

478 828 709 879 nuntiavit3
732 832 773 867 et
789 826 841 867 de
856 826 958 881 fuga
974 826 1164 868 eiusdem
1181 826 1427 881 Berengarii
1441 826 1670 880 uxorisque
1687 826 1790 866 eius.

425 916 433 924 .
477 883 716 938 Inprecatio
746 888 889 922 contra
918 888 1094 935 montes,
1126 883 1199 937 qui
1226 882 1529 936 Berengarium
1559 888 1600 922 et
1621 880 1792 924 Willam

478 939 656 979 transire
685 937 978 992 permiserunt.

480 993 670 1045 Qualiter
712 992 998 1033 Herimannus
1048 991 1137 1032 dux
1177 992 1481 1047 Berengarium
1526 991 1710 1047 suscepit
1752 997 1794 1032 et

480 1055 575 1089 ante
605 1048 716 1102 regis
746 1048 1002 1103 presentiam
1033 1047 1167 1088 duxit.

479 1104 547 1145 De
577 1117 626 1144 eo
658 1102 772 1158 quod
800 1118 877 1144 rex
906 1103 1036 1157 Hugo
1066 1103 1235 1143 nuntios
1266 1117 1363 1143 suos
1398 1103 1490 1157 regi
1520 1102 1667 1143 Ottoni
1696 1100 1792 1141 diri-

478 1160 552 1214 git,
583 1158 784 1213 pollicens
812 1159 1035 1213 pecuniam
1076 1159 1111 1198 si
1140 1158 1444 1212 Berengarium
1482 1172 1567 1198 non
1601 1157 1790 1212 recipiat,

480 1214 594 1269 quod
625 1214 794 1254 omnino
823 1214 1049 1269 impetrare
1078 1228 1163 1254 non
1192 1212 1334 1254 valuit.

478 1269 546 1310 De
577 1284 625 1310 eo
657 1269 771 1323 quod
799 1269 1030 1324 imperator
1060 1269 1293 1310 Cri-ecorum
1321 1269 1534 1310 Romanos
1564 1268 1792 1322 Hugonem

478 1330 612 1378 rogat,
643 1331 690 1364 ut
719 1339 838 1364 suam
874 1324 1005 1364 filiam
1043 1325 1267 1379 coniugem
1306 1339 1381 1365 suo
1417 1324 1488 1365 det
1522 1324 1667 1379 nepoti
1704 1322 1790 1364 fflio

479 1379 756 1420 Constantini.

478 1435 546 1475 De
584 1448 730 1489 pugna
767 1434 906 1475 navali
942 1448 1069 1490 quam
1109 1435 1322 1475 Romanos
1360 1449 1458 1475 cum
1496 1435 1649 1489 Ingero
1692 1448 1792 1488 rege

477 1491 709 1530 Russorum
739 1489 850 1542 fecit,
881 1504 1007 1544 quem
1038 1489 1284 1530 mirabiliter
1316 1489 1430 1530 vicit.

476 1546 544 1586 De
576 1559 623 1585 eo
654 1544 768 1600 quod
788 1560 865 1586 rex
885 1545 1013 1598 Hugo
1035 1545 1089 1585 ad
1109 1545 1387 1586 Fraxinetum
1407 1559 1598 1600 pergens,
1632 1543 1792 1585 Grecos

478 1615 573 1641 culn
603 1600 784 1641 navibus
816 1602 864 1640 eo
897 1601 1051 1655 dirigit.

422 1687 430 1696 .
476 1656 545 1696 De
576 1670 624 1696 eo
662 1655 777 1710 quod
815 1670 892 1696 rex
922 1655 1050 1710 Hugo
1088 1656 1364 1697 Fraxinetum
1404 1655 1616 1696 destruere
1653 1654 1792 1710 potuit

477 1711 550 1751 sed
585 1710 731 1752 noluit.

475 1766 543 1807 De
587 1766 777 1807 Ainedeo
827 1766 1073 1821 Berengarii
1120 1766 1263 1819 milite,
1312 1767 1384 1822 qui
1433 1765 1698 1822 exploratum
1747 1766 1791 1806 in

475 1820 642 1862 Italiam
671 1822 798 1862 venit.

475 1876 543 1917 De
573 1891 622 1917 eo
653 1876 767 1931 quod
796 1891 872 1917 rex
892 1876 1020 1931 Hugo
1050 1882 1221 1932 pactum
1242 1876 1475 1931 Hungariis
1498 1876 1613 1918 dedit
1633 1890 1789 1931 eosque

476 1932 520 1971 in
550 1931 803 1985 Hispaniam
832 1932 958 1973 misit.

421 2016 430 2025 .
474 1986 542 2027 De
573 2001 621 2027 eo
653 1986 765 2041 quod
795 2002 871 2028 rex
900 1987 1028 2041 Hugo
1058 1986 1187 2027 filiam
1218 2001 1350 2039 suam,
1389 2002 1516 2042 quam
1552 2002 1606 2028 ex
1636 2000 1789 2028 concu-

475 2040 576 2082 bina
604 2041 821 2094 habuerat,
854 2041 1262 2096 Constantinopolim
1291 2043 1430 2084 mittit.

422 2128 430 2136 .
477 2097 545 2138 De
594 2096 835 2138 fortitudine
885 2105 925 2139 et
972 2097 1285 2152 pulchritudine
1336 2097 1789 2153 Constantinopolitani

473 2151 631 2206 palatii,
691 2159 732 2193 et
786 2152 963 2208 qualiter
1012 2152 1250 2208 Stephanus
1307 2159 1433 2209 atque
1491 2152 1789 2195 Constantinus

474 2221 597 2247 suum
618 2213 781 2262 patrem
803 2207 855 2248 de
875 2207 1031 2263 palatio
1053 2209 1252 2249 eiecerint
1272 2216 1312 2250 et
1332 2209 1585 2249 monachum
1600 2209 1787 2250 fecerint.

420 2293 428 2302 .
472 2262 540 2303 De
571 2277 619 2303 eo
652 2263 765 2317 quod
794 2263 906 2304 idem
942 2263 1165 2305 voluerunt
1196 2263 1521 2305 Constantinum
1549 2264 1786 2320 Porphyro-

475 2319 665 2372 genitum
703 2317 885 2371 deicere3
926 2333 951 2358 a
990 2333 1073 2374 quo
1103 2325 1200 2359 sunt
1236 2326 1276 2360 et
1309 2321 1391 2374 ipsi
1429 2320 1541 2375 capti
1577 2326 1702 2375 atque
1741 2320 1785 2359 in

474 2373 775 2468 lnslnaStssrium
804 2374 942 2425 missi3
974 2380 1014 2414 et
1043 2388 1118 2429 per
1149 2388 1273 2429 quem
1305 2389 1450 2415 eorum
1481 2374 1702 2416 consilium
1733 2375 1786 2416 sit

472 2441 527 2481 pa
545 2442 613 2468 am
661 2435 817 2469 actum.

419 2514 427 2523 .
473 2482 541 2523 De
578 2483 754 2536 yronica
792 2484 924 2539 patris
964 2484 1230 2538 susceptione
1270 2490 1311 2525 et
1347 2484 1568 2539 locutione,
1614 2485 1782 2540 quando

473 2537 549 2577 filii
577 2538 632 2578 ad
661 2539 962 2580 monasterium
990 2545 1206 2580 venerunt.

419 2625 427 2633 .
475 2592 620 2634 Oratio
651 2594 915 2648 imperatoris
944 2594 1151 2647 Romanu,
1183 2608 1309 2649 quam
1339 2609 1415 2650 pro
1445 2594 1541 2636 filiis
1571 2596 1669 2651 egit,
1705 2596 1784 2637 deo

473 2648 629 2701 gratias
659 2662 800 2703 agens.

417 2735 426 2743 .
469 2703 538 2744 De
568 2717 616 2744 eo
649 2703 763 2758 quod
794 2703 1096 2746 Constantinus
1135 2711 1176 2746 et
1206 2704 1444 2759 Stephanus
1481 2705 1673 2747 custodia
1712 2705 1783 2747 ob-

473 2766 704 2800 servantur.

304 2839 334 2873 a)
357 2840 366 2864 i
399 2847 427 2865 e.
450 2847 609 2867 excecare.
