<?xml version="1.0" encoding="UTF-8"?>
<!DOCTYPE html PUBLIC "-//W3C//DTD XHTML 1.0 Transitional//EN"
    "http://www.w3.org/TR/xhtml1/DTD/xhtml1-transitional.dtd">
<html xmlns="http://www.w3.org/1999/xhtml" xml:lang="en" lang="en">
 <head>
  <title>
</title>
<meta http-equiv="Content-Type" content="text/html;charset=utf-8" />
  <meta name='ocr-system' content='tesseract 3.04.00' />
  <meta name='ocr-capabilities' content='ocr_page ocr_carea ocr_par ocr_line ocrx_word'/>
</head>
<body>
  <div class='ocr_page' id='page_1' title='image "./operaomnia00liuduoft_0190.png"; bbox 0 0 1878 3201; ppageno 0'>
   <div class='ocr_carea' id='block_1_1' title="bbox 207 365 337 430">
    <p class='ocr_par' dir='ltr' id='par_1_1' title="bbox 207 365 337 430">
     <span class='ocr_line' id='line_1_1' title="bbox 271 365 337 391; baseline 0.015 -1"><span class='ocrx_word' id='word_1_1' title='bbox 271 365 337 391; x_wconf 80' lang='lat'>968.</span> 
     </span>
     <span class='ocr_line' id='line_1_2' title="bbox 207 404 336 430; baseline 0 -1"><span class='ocrx_word' id='word_1_2' title='bbox 207 404 266 429; x_wconf 84' lang='lat' dir='ltr'>Iuli</span> <span class='ocrx_word' id='word_1_3' title='bbox 291 404 336 430; x_wconf 79' lang='lat'>20.</span> 
     </span>
    </p>
   </div>
   <div class='ocr_carea' id='block_1_2' title="bbox 225 2570 352 2648">
    <p class='ocr_par' dir='ltr' id='par_1_2' title="bbox 225 2570 352 2648">
     <span class='ocr_line' id='line_1_3' title="bbox 225 2570 352 2597; baseline -0.016 -1"><span class='ocrx_word' id='word_1_4' title='bbox 225 2570 283 2597; x_wconf 86' lang='lat' dir='ltr'>Iul.</span> <span class='ocrx_word' id='word_1_5' title='bbox 307 2570 352 2595; x_wconf 78' lang='lat'>22.</span> 
     </span>
     <span class='ocr_line' id='line_1_4' title="bbox 226 2622 352 2648; baseline -0.008 -1"><span class='ocrx_word' id='word_1_6' title='bbox 226 2623 285 2648; x_wconf 86' lang='lat' dir='ltr'>Iul.</span> <span class='ocrx_word' id='word_1_7' title='bbox 308 2622 352 2647; x_wconf 82' lang='lat'>23.</span> 
     </span>
    </p>
   </div>
   <div class='ocr_carea' id='block_1_3' title="bbox 358 240 1476 275">
    <p class='ocr_par' dir='ltr' id='par_1_3' title="bbox 358 240 1476 275">
     <span class='ocr_line' id='line_1_5' title="bbox 358 240 1476 275; baseline -0.003 -1"><span class='ocrx_word' id='word_1_8' title='bbox 358 244 424 275; x_wconf 79' lang='lat'>150</span> <span class='ocrx_word' id='word_1_9' title='bbox 718 241 1022 274; x_wconf 83' lang='lat' dir='ltr'>LIUDPRANDI</span> <span class='ocrx_word' id='word_1_10' title='bbox 1047 240 1270 274; x_wconf 87' lang='lat' dir='ltr'><strong>LEGATIO.</strong></span> <span class='ocrx_word' id='word_1_11' title='bbox 1323 240 1476 271; x_wconf 84' lang='lat'>31—35.</span> 
     </span>
    </p>
   </div>
   <div class='ocr_carea' id='block_1_4' title="bbox 353 349 1865 2675">
    <p class='ocr_par' dir='ltr' id='par_1_4' title="bbox 353 349 1865 740">
     <span class='ocr_line' id='line_1_6' title="bbox 355 349 1828 408; baseline -0.004 -14"><span class='ocrx_word' id='word_1_12' title='bbox 355 353 622 408; x_wconf 77' lang='lat' dir='ltr'>obviavitque</span> <span class='ocrx_word' id='word_1_13' title='bbox 651 351 774 393; x_wconf 92' lang='lat' dir='ltr'>nobis</span> <span class='ocrx_word' id='word_1_14' title='bbox 803 352 847 392; x_wconf 91' lang='lat' dir='ltr'>in</span> <span class='ocrx_word' id='word_1_15' title='bbox 875 351 1125 393; x_wconf 88' lang='lat' dir='ltr'>Macedonia</span> <span class='ocrx_word' id='word_1_16' title='bbox 1153 351 1403 393; x_wconf 87' lang='lat' dir='ltr'>Dominicus</span> <span class='ocrx_word' id='word_1_17' title='bbox 1433 349 1686 401; x_wconf 86' lang='lat' dir='ltr'>Venedicus,</span> <span class='ocrx_word' id='word_1_18' title='bbox 1724 362 1828 389; x_wconf 89' lang='lat' dir='ltr'>nun-</span> 
     </span>
     <span class='ocr_line' id='line_1_7' title="bbox 353 405 1826 463; baseline -0.004 -13"><span class='ocrx_word' id='word_1_19' title='bbox 353 409 435 451; x_wconf 89' lang='lat' dir='ltr'>tius</span> <span class='ocrx_word' id='word_1_20' title='bbox 466 423 579 460; x_wconf 86' lang='lat' dir='ltr'>suus,</span> <span class='ocrx_word' id='word_1_21' title='bbox 618 408 690 463; x_wconf 89' lang='lat' dir='ltr'>qui</span> <span class='ocrx_word' id='word_1_22' title='bbox 720 406 851 447; x_wconf 86' lang='lat' dir='ltr'>multo</span> <span class='ocrx_word' id='word_1_23' title='bbox 880 405 1023 447; x_wconf 90' lang='lat' dir='ltr'>labore</span> <span class='ocrx_word' id='word_1_24' title='bbox 1059 413 1099 447; x_wconf 92' lang='lat' dir='ltr'>et</span> <span class='ocrx_word' id='word_1_25' title='bbox 1134 407 1287 448; x_wconf 89' lang='lat' dir='ltr'>sudore</span> <span class='ocrx_word' id='word_1_26' title='bbox 1316 421 1406 458; x_wconf 82' lang='lat' dir='ltr'>nos,</span> <span class='ocrx_word' id='word_1_27' title='bbox 1437 411 1484 446; x_wconf 91' lang='lat' dir='ltr'>ut</span> <span class='ocrx_word' id='word_1_28' title='bbox 1511 411 1826 457; x_wconf 81' lang='lat' dir='ltr'>reverteremur,</span> 
     </span>
     <span class='ocr_line' id='line_1_8' title="bbox 354 459 1828 517; baseline -0.005 -12"><span class='ocrx_word' id='word_1_29' title='bbox 354 463 582 516; x_wconf 73' lang='lat' dir='ltr'>demulsita,</span> <span class='ocrx_word' id='word_1_30' title='bbox 597 462 867 503; x_wconf 74' lang='lat' dir='ltr'>iureimando</span> <span class='ocrx_word' id='word_1_31' title='bbox 879 461 1001 502; x_wconf 89' lang='lat' dir='ltr'>nobis</span> <span class='ocrx_word' id='word_1_32' title='bbox 1013 461 1238 513; x_wconf 87' lang='lat' dir='ltr'>affirmans,</span> <span class='ocrx_word' id='word_1_33' title='bbox 1249 475 1466 517; x_wconf 89' lang='lat' dir='ltr'>nunquam</span> <span class='ocrx_word' id='word_1_34' title='bbox 1483 459 1700 501; x_wconf 89' lang='lat' dir='ltr'>dominum</span> <span class='ocrx_word' id='word_1_35' title='bbox 1710 464 1828 499; x_wconf 90' lang='lat' dir='ltr'>tuum</span> 
     </span>
     <span class='ocr_line' id='line_1_9' title="bbox 354 515 1865 572; baseline -0.005 -11"><span class='ocrx_word' id='word_1_36' title='bbox 354 534 445 561; x_wconf 89' lang='lat' dir='ltr'>esse</span> <span class='ocrx_word' id='word_1_37' title='bbox 484 518 527 559; x_wconf 92' lang='lat' dir='ltr'>id</span> <span class='ocrx_word' id='word_1_38' title='bbox 568 519 862 572; x_wconf 86' lang='lat' dir='ltr'>cogitaturum,</span> <span class='ocrx_word' id='word_1_39' title='bbox 906 517 1062 557; x_wconf 89' lang='lat' dir='ltr'>nedum</span> <span class='ocrx_word' id='word_1_40' title='bbox 1098 516 1321 558; x_wconf 88' lang='lat' dir='ltr'>facturum.</span> <span class='ocrx_word' id='word_1_41' title='bbox 1379 517 1604 557; x_wconf 86' lang='lat' dir='ltr'>Revertere</span> <span class='ocrx_word' id='word_1_42' title='bbox 1634 515 1744 569; x_wconf 87' lang='lat' dir='ltr'>ergo&#39;</span> <span class='ocrx_word' id='word_1_43' title='bbox 1774 540 1829 545; x_wconf 88' lang='lat'>—</span> <span class='ocrx_word' id='word_1_44' title='bbox 1862 539 1865 542; x_wconf 98' lang='lat'>-</span> 
     </span>
     <span class='ocr_line' id='line_1_10' title="bbox 356 568 1862 630; baseline -0.004 -15"><span class='ocrx_word' id='word_1_45' title='bbox 356 573 468 630; x_wconf 90' lang='lat' dir='ltr'>quod</span> <span class='ocrx_word' id='word_1_46' title='bbox 508 588 602 613; x_wconf 89' lang='lat' dir='ltr'>cum</span> <span class='ocrx_word' id='word_1_47' title='bbox 637 572 846 613; x_wconf 78' lang='lat' dir='ltr'>audissem</span> <span class='ocrx_word' id='word_1_48' title='bbox 881 572 1031 612; x_wconf 89' lang='lat' dir='ltr'>tacitus</span> <span class='ocrx_word' id='word_1_49' title='bbox 1070 569 1162 612; x_wconf 87' lang='lat' dir='ltr'>‘deo</span> <span class='ocrx_word' id='word_1_50' title='bbox 1193 572 1383 626; x_wconf 62' lang='lat' dir='ltr'>gratias!⁷</span> <span class='ocrx_word' id='word_1_51' title='bbox 1419 571 1509 612; x_wconf 81' lang='lat' dir='ltr'>dixi</span> <span class='ocrx_word' id='word_1_52' title='bbox 1546 597 1600 601; x_wconf 87' lang='lat'>——</span> <span class='ocrx_word' id='word_1_53' title='bbox 1637 574 1691 610; x_wconf 81' lang='lat' dir='ltr'>‘et</span> <span class='ocrx_word' id='word_1_54' title='bbox 1724 568 1828 610; x_wconf 85' lang='lat' dir='ltr'>haec</span> <span class='ocrx_word' id='word_1_55' title='bbox 1859 610 1862 614; x_wconf 76' lang='grc'>,</span> 
     </span>
     <span class='ocr_line' id='line_1_11' title="bbox 354 624 1865 684; baseline -0.004 -14"><span class='ocrx_word' id='word_1_56' title='bbox 354 637 481 684; x_wconf 88' lang='lat' dir='ltr'>atque</span> <span class='ocrx_word' id='word_1_57' title='bbox 511 628 616 668; x_wconf 90' lang='lat' dir='ltr'>haec</span> <span class='ocrx_word' id='word_1_58' title='bbox 651 635 723 668; x_wconf 85' lang='lat' dir='ltr'>tuo</span> <span class='ocrx_word' id='word_1_59' title='bbox 754 626 923 667; x_wconf 89' lang='lat' dir='ltr'>domino</span> <span class='ocrx_word' id='word_1_60' title='bbox 953 627 1172 678; x_wconf 74' lang='lat' dir='ltr'>nunciato,</span> <span class='ocrx_word' id='word_1_61' title='bbox 1218 627 1251 667; x_wconf 90' lang='lat' dir='ltr'>si</span> <span class='ocrx_word' id='word_1_62' title='bbox 1292 641 1359 667; x_wconf 90' lang='lat' dir='ltr'>me</span> <span class='ocrx_word' id='word_1_63' title='bbox 1398 634 1635 680; x_wconf 87' lang='lat' dir='ltr'>compotem</span> <span class='ocrx_word' id='word_1_64' title='bbox 1672 624 1829 677; x_wconf 86' lang='lat' dir='ltr'>fecerit,</span> <span class='ocrx_word' id='word_1_65' title='bbox 1861 669 1865 675; x_wconf 40' lang='grc'>,</span> 
     </span>
     <span class='ocr_line' id='line_1_12' title="bbox 354 683 634 740; baseline -0.007 -15"><span class='ocrx_word' id='word_1_66' title='bbox 354 686 444 740; x_wconf 89' lang='lat' dir='ltr'>ipse</span> <span class='ocrx_word' id='word_1_67' title='bbox 474 683 634 725; x_wconf 82' lang='lat' dir='ltr'>redito&#39;.</span> 
     </span>
    </p>

    <p class='ocr_par' dir='ltr' id='par_1_5' title="bbox 355 734 1838 1293">
     <span class='ocr_line' id='line_1_13' title="bbox 468 734 1830 792; baseline -0.004 -12"><span class='ocrx_word' id='word_1_68' title='bbox 468 740 533 780; x_wconf 73' lang='lat'>32.</span> <span class='ocrx_word' id='word_1_69' title='bbox 588 738 685 779; x_wconf 87' lang='lat' dir='ltr'>Cui:</span> <span class='ocrx_word' id='word_1_70' title='bbox 732 736 923 788; x_wconf 85' lang='lat' dir='ltr'>‘Iubeat&#39;,</span> <span class='ocrx_word' id='word_1_71' title='bbox 968 737 1159 792; x_wconf 89' lang='lat' dir='ltr'>inquam,</span> <span class='ocrx_word' id='word_1_72' title='bbox 1212 736 1536 777; x_wconf 80' lang='lat' dir='ltr'>‘sanctissimum</span> <span class='ocrx_word' id='word_1_73' title='bbox 1579 734 1830 790; x_wconf 73' lang='lat' dir='ltr'>imperiumb</span> 
     </span>
     <span class='ocr_line' id='line_1_14' title="bbox 356 789 1833 845; baseline -0.004 -9"><span class='ocrx_word' id='word_1_74' title='bbox 356 802 488 845; x_wconf 90' lang='lat' dir='ltr'>tuum,</span> <span class='ocrx_word' id='word_1_75' title='bbox 514 808 582 835; x_wconf 89' lang='lat' dir='ltr'>me</span> <span class='ocrx_word' id='word_1_76' title='bbox 597 792 820 833; x_wconf 87' lang='lat' dir='ltr'>inItaliam</span> <span class='ocrx_word' id='word_1_77' title='bbox 838 792 918 832; x_wconf 91' lang='lat' dir='ltr'>cito</span> <span class='ocrx_word' id='word_1_78' title='bbox 945 791 1155 843; x_wconf 85' lang='lat' dir='ltr'>advolare,</span> <span class='ocrx_word' id='word_1_79' title='bbox 1179 797 1292 833; x_wconf 86' lang='lat' dir='ltr'>certa</span> <span class='ocrx_word' id='word_1_80' title='bbox 1307 792 1468 832; x_wconf 84' lang='lat' dir='ltr'>ratione</span> <span class='ocrx_word' id='word_1_81' title='bbox 1485 791 1605 843; x_wconf 74' lang='lat' dir='ltr'>scioe,</span> <span class='ocrx_word' id='word_1_82' title='bbox 1630 789 1743 845; x_wconf 90' lang='lat' dir='ltr'>quod</span> <span class='ocrx_word' id='word_1_83' title='bbox 1763 790 1833 830; x_wconf 93' lang='lat' dir='ltr'>do-</span> 
     </span>
     <span class='ocr_line' id='line_1_15' title="bbox 355 844 1833 903; baseline -0.002 -13"><span class='ocrx_word' id='word_1_84' title='bbox 355 850 493 890; x_wconf 89' lang='lat' dir='ltr'>minus</span> <span class='ocrx_word' id='word_1_85' title='bbox 524 864 657 901; x_wconf 87' lang='lat' dir='ltr'>meus,</span> <span class='ocrx_word' id='word_1_86' title='bbox 689 862 796 903; x_wconf 91' lang='lat' dir='ltr'>quae</span> <span class='ocrx_word' id='word_1_87' title='bbox 826 846 917 887; x_wconf 87' lang='lat' dir='ltr'>vult</span> <span class='ocrx_word' id='word_1_88' title='bbox 945 847 1168 902; x_wconf 87' lang='lat' dir='ltr'>imperium</span> <span class='ocrx_word' id='word_1_89' title='bbox 1198 853 1331 898; x_wconf 88' lang='lat' dir='ltr'>tuum,</span> <span class='ocrx_word' id='word_1_90' title='bbox 1372 845 1593 901; x_wconf 88' lang='lat' dir='ltr'>compleat,</span> <span class='ocrx_word' id='word_1_91' title='bbox 1633 852 1674 886; x_wconf 88' lang='lat' dir='ltr'>et</span> <span class='ocrx_word' id='word_1_92' title='bbox 1701 844 1833 887; x_wconf 86' lang='lat' dir='ltr'>laetus</span> 
     </span>
     <span class='ocr_line' id='line_1_16' title="bbox 356 901 1833 960; baseline -0.004 -14"><span class='ocrx_word' id='word_1_93' title='bbox 356 919 434 960; x_wconf 88' lang='lat' dir='ltr'>ego</span> <span class='ocrx_word' id='word_1_94' title='bbox 466 904 520 945; x_wconf 90' lang='lat' dir='ltr'>ad</span> <span class='ocrx_word' id='word_1_95' title='bbox 548 911 588 945; x_wconf 88' lang='lat' dir='ltr'>te</span> <span class='ocrx_word' id='word_1_96' title='bbox 618 904 813 945; x_wconf 87' lang='lat' dir='ltr'>redeam&#39;.</span> <span class='ocrx_word' id='word_1_97' title='bbox 873 902 999 954; x_wconf 78' lang='lat' dir='ltr'>Quod</span> <span class='ocrx_word' id='word_1_98' title='bbox 1039 916 1121 957; x_wconf 89' lang='lat' dir='ltr'>qua</span> <span class='ocrx_word' id='word_1_99' title='bbox 1157 908 1296 943; x_wconf 91' lang='lat' dir='ltr'>mente</span> <span class='ocrx_word' id='word_1_100' title='bbox 1334 902 1526 953; x_wconf 80' lang='lat' dir='ltr'>dixerim,</span> <span class='ocrx_word' id='word_1_101' title='bbox 1561 915 1641 941; x_wconf 87' lang='lat' dir='ltr'>nec</span> <span class='ocrx_word' id='word_1_102' title='bbox 1679 901 1833 955; x_wconf 90' lang='lat' dir='ltr'>ipsum,</span> 
     </span>
     <span class='ocr_line' id='line_1_17' title="bbox 356 956 1833 1015; baseline -0.003 -14"><span class='ocrx_word' id='word_1_103' title='bbox 356 959 463 1015; x_wconf 90' lang='lat' dir='ltr'>proh</span> <span class='ocrx_word' id='word_1_104' title='bbox 507 958 646 1011; x_wconf 88' lang='lat' dir='ltr'>dolor,</span> <span class='ocrx_word' id='word_1_105' title='bbox 690 959 822 1000; x_wconf 86' lang='lat' dir='ltr'>latuit.</span> <span class='ocrx_word' id='word_1_106' title='bbox 896 957 1005 997; x_wconf 88' lang='lat' dir='ltr'>Nam</span> <span class='ocrx_word' id='word_1_107' title='bbox 1050 956 1291 1009; x_wconf 77' lang='lat' dir='ltr'>subridens,</span> <span class='ocrx_word' id='word_1_108' title='bbox 1336 956 1461 997; x_wconf 89' lang='lat' dir='ltr'>simul</span> <span class='ocrx_word' id='word_1_109' title='bbox 1505 957 1642 1011; x_wconf 87' lang='lat' dir='ltr'>capite</span> <span class='ocrx_word' id='word_1_110' title='bbox 1685 956 1833 1010; x_wconf 83' lang='lat' dir='ltr'>innuit,</span> 
     </span>
     <span class='ocr_line' id='line_1_18' title="bbox 357 1011 1835 1070; baseline -0.002 -14"><span class='ocrx_word' id='word_1_111' title='bbox 357 1030 508 1070; x_wconf 90' lang='lat' dir='ltr'>meque</span> <span class='ocrx_word' id='word_1_112' title='bbox 537 1015 676 1056; x_wconf 85' lang='lat' dir='ltr'>terrad</span> <span class='ocrx_word' id='word_1_113' title='bbox 706 1021 829 1055; x_wconf 90' lang='lat' dir='ltr'>tenus</span> <span class='ocrx_word' id='word_1_114' title='bbox 851 1028 895 1054; x_wconf 90' lang='lat' dir='ltr'>se</span> <span class='ocrx_word' id='word_1_115' title='bbox 917 1013 1161 1054; x_wconf 88' lang='lat' dir='ltr'>adorantem</span> <span class='ocrx_word' id='word_1_116' title='bbox 1181 1020 1308 1068; x_wconf 87' lang='lat' dir='ltr'>atque</span> <span class='ocrx_word' id='word_1_117' title='bbox 1329 1011 1552 1053; x_wconf 89' lang='lat' dir='ltr'>abeuntem</span> <span class='ocrx_word' id='word_1_118' title='bbox 1573 1018 1705 1063; x_wconf 78' lang='lat' dir='ltr'>extra,</span> <span class='ocrx_word' id='word_1_119' title='bbox 1734 1011 1835 1053; x_wconf 88' lang='lat' dir='ltr'>foris</span> 
     </span>
     <span class='ocr_line' id='line_1_19' title="bbox 358 1066 1834 1125; baseline -0.003 -13"><span class='ocrx_word' id='word_1_120' title='bbox 358 1085 540 1123; x_wconf 88' lang='lat' dir='ltr'>manere,</span> <span class='ocrx_word' id='word_1_121' title='bbox 578 1077 702 1125; x_wconf 88' lang='lat' dir='ltr'>atque</span> <span class='ocrx_word' id='word_1_122' title='bbox 732 1069 787 1110; x_wconf 92' lang='lat' dir='ltr'>ad</span> <span class='ocrx_word' id='word_1_123' title='bbox 817 1083 1004 1121; x_wconf 88' lang='lat' dir='ltr'>coenam,</span> <span class='ocrx_word' id='word_1_124' title='bbox 1045 1067 1140 1108; x_wconf 91' lang='lat' dir='ltr'>allio</span> <span class='ocrx_word' id='word_1_125' title='bbox 1172 1075 1212 1109; x_wconf 94' lang='lat' dir='ltr'>et</span> <span class='ocrx_word' id='word_1_126' title='bbox 1242 1081 1346 1123; x_wconf 87' lang='lat' dir='ltr'>cepa</span> <span class='ocrx_word' id='word_1_127' title='bbox 1374 1067 1482 1109; x_wconf 91' lang='lat' dir='ltr'>bene</span> <span class='ocrx_word' id='word_1_128' title='bbox 1513 1066 1705 1119; x_wconf 90' lang='lat' dir='ltr'>olentem,</span> <span class='ocrx_word' id='word_1_129' title='bbox 1745 1066 1834 1108; x_wconf 90' lang='lat' dir='ltr'>oleo</span> 
     </span>
     <span class='ocr_line' id='line_1_20' title="bbox 358 1121 1838 1181; baseline -0.003 -13"><span class='ocrx_word' id='word_1_130' title='bbox 358 1134 399 1168; x_wconf 91' lang='lat' dir='ltr'>et</span> <span class='ocrx_word' id='word_1_131' title='bbox 428 1141 530 1181; x_wconf 87' lang='lat' dir='ltr'>garo</span> <span class='ocrx_word' id='word_1_132' title='bbox 561 1125 786 1177; x_wconf 86' lang='lat' dir='ltr'>sordidam,</span> <span class='ocrx_word' id='word_1_133' title='bbox 822 1125 965 1165; x_wconf 83' lang='lat' dir='ltr'>venire</span> <span class='ocrx_word' id='word_1_134' title='bbox 996 1124 1201 1178; x_wconf 72' lang='lat' dir='ltr'>precepit3</span> <span class='ocrx_word' id='word_1_135' title='bbox 1240 1123 1489 1178; x_wconf 83' lang='lat' dir='ltr'>magnisque</span> <span class='ocrx_word' id='word_1_136' title='bbox 1519 1122 1587 1164; x_wconf 91' lang='lat' dir='ltr'>die</span> <span class='ocrx_word' id='word_1_137' title='bbox 1617 1121 1688 1162; x_wconf 85' lang='lat' dir='ltr'>illa</span> <span class='ocrx_word' id='word_1_138' title='bbox 1717 1122 1838 1164; x_wconf 85' lang='lat' dir='ltr'>effeci</span> 
     </span>
     <span class='ocr_line' id='line_1_21' title="bbox 357 1179 1835 1237; baseline -0.002 -15"><span class='ocrx_word' id='word_1_139' title='bbox 357 1181 574 1237; x_wconf 73' lang='lat' dir='ltr'>precibus,</span> <span class='ocrx_word' id='word_1_140' title='bbox 625 1188 671 1221; x_wconf 91' lang='lat' dir='ltr'>ut</span> <span class='ocrx_word' id='word_1_141' title='bbox 714 1195 866 1220; x_wconf 88' lang='lat' dir='ltr'>munus</span> <span class='ocrx_word' id='word_1_142' title='bbox 908 1195 1067 1231; x_wconf 85' lang='lat' dir='ltr'>meum,</span> <span class='ocrx_word' id='word_1_143' title='bbox 1120 1179 1233 1234; x_wconf 72' lang='lat' dir='ltr'>quod</span> <span class='ocrx_word' id='word_1_144' title='bbox 1276 1194 1401 1234; x_wconf 83' lang='lat' dir='ltr'>saepe</span> <span class='ocrx_word' id='word_1_145' title='bbox 1445 1184 1691 1233; x_wconf 88' lang='lat' dir='ltr'>aspernatus</span> <span class='ocrx_word' id='word_1_146' title='bbox 1735 1184 1835 1231; x_wconf 86' lang='lat' dir='ltr'>erat,</span> 
     </span>
     <span class='ocr_line' id='line_1_22' title="bbox 360 1237 838 1293; baseline -0.006 -15"><span class='ocrx_word' id='word_1_147' title='bbox 360 1237 604 1293; x_wconf 80' lang='lat' dir='ltr'>dignaretur</span> <span class='ocrx_word' id='word_1_148' title='bbox 632 1237 838 1291; x_wconf 86' lang='lat' dir='ltr'>accipere.</span> 
     </span>
    </p>

    <p class='ocr_par' dir='ltr' id='par_1_6' title="bbox 359 1288 1842 2122">
     <span class='ocr_line' id='line_1_23' title="bbox 470 1288 1836 1345; baseline -0.002 -12"><span class='ocrx_word' id='word_1_149' title='bbox 470 1293 537 1333; x_wconf 78' lang='lat'>33.</span> <span class='ocrx_word' id='word_1_150' title='bbox 580 1291 877 1332; x_wconf 86' lang='lat' dir='ltr'>Residentibus</span> <span class='ocrx_word' id='word_1_151' title='bbox 908 1291 1050 1345; x_wconf 90' lang='lat' dir='ltr'>itaque</span> <span class='ocrx_word' id='word_1_152' title='bbox 1078 1288 1200 1330; x_wconf 88' lang='lat' dir='ltr'>nobis</span> <span class='ocrx_word' id='word_1_153' title='bbox 1221 1288 1277 1329; x_wconf 88' lang='lat' dir='ltr'>ad</span> <span class='ocrx_word' id='word_1_154' title='bbox 1297 1303 1486 1330; x_wconf 86' lang='lat' dir='ltr'>mensam</span> <span class='ocrx_word' id='word_1_155' title='bbox 1507 1290 1596 1330; x_wconf 91' lang='lat' dir='ltr'>sine</span> <span class='ocrx_word' id='word_1_156' title='bbox 1616 1288 1836 1330; x_wconf 81' lang='lat' dir='ltr'>latitudine</span> 
     </span>
     <span class='ocr_line' id='line_1_24' title="bbox 359 1343 1837 1402; baseline -0.003 -14"><span class='ocrx_word' id='word_1_157' title='bbox 359 1347 543 1402; x_wconf 87' lang='lat' dir='ltr'>longam,</span> <span class='ocrx_word' id='word_1_158' title='bbox 582 1346 783 1401; x_wconf 80' lang='lat' dir='ltr'>pallingie</span> <span class='ocrx_word' id='word_1_159' title='bbox 814 1346 1033 1386; x_wconf 84' lang='lat' dir='ltr'>latitudine</span> <span class='ocrx_word' id='word_1_160' title='bbox 1063 1352 1230 1397; x_wconf 86' lang='lat' dir='ltr'>tectam,</span> <span class='ocrx_word' id='word_1_161' title='bbox 1268 1344 1533 1399; x_wconf 85' lang='lat' dir='ltr'>longitudine</span> <span class='ocrx_word' id='word_1_162' title='bbox 1563 1343 1837 1397; x_wconf 83' lang='lat' dir='ltr'>seminudam,</span> 
     </span>
     <span class='ocr_line' id='line_1_25' title="bbox 360 1400 1838 1457; baseline -0.003 -14"><span class='ocrx_word' id='word_1_163' title='bbox 360 1418 415 1444; x_wconf 82' lang='lat' dir='ltr'>ex</span> <span class='ocrx_word' id='word_1_164' title='bbox 444 1403 634 1454; x_wconf 87' lang='lat' dir='ltr'>Francis,</span> <span class='ocrx_word' id='word_1_165' title='bbox 667 1417 749 1457; x_wconf 89' lang='lat' dir='ltr'>quo</span> <span class='ocrx_word' id='word_1_166' title='bbox 779 1401 949 1442; x_wconf 90' lang='lat' dir='ltr'>nomine</span> <span class='ocrx_word' id='word_1_167' title='bbox 986 1408 1073 1441; x_wconf 86' lang='lat' dir='ltr'>tam</span> <span class='ocrx_word' id='word_1_168' title='bbox 1103 1400 1276 1441; x_wconf 87' lang='lat' dir='ltr'>Latinos</span> <span class='ocrx_word' id='word_1_169' title='bbox 1314 1414 1441 1454; x_wconf 88' lang='lat' dir='ltr'>quam</span> <span class='ocrx_word' id='word_1_170' title='bbox 1477 1400 1687 1441; x_wconf 89' lang='lat' dir='ltr'>Teutones</span> <span class='ocrx_word' id='word_1_171' title='bbox 1727 1413 1838 1440; x_wconf 89' lang='lat' dir='ltr'>com-</span> 
     </span>
     <span class='ocr_line' id='line_1_26' title="bbox 360 1455 1838 1513; baseline -0.001 -14"><span class='ocrx_word' id='word_1_172' title='bbox 360 1457 594 1513; x_wconf 87' lang='lat' dir='ltr'>prehendit,</span> <span class='ocrx_word' id='word_1_173' title='bbox 638 1456 784 1497; x_wconf 90' lang='lat' dir='ltr'>ludum</span> <span class='ocrx_word' id='word_1_174' title='bbox 820 1456 989 1507; x_wconf 79' lang='lat' dir='ltr'>habuit3</span> <span class='ocrx_word' id='word_1_175' title='bbox 1032 1456 1280 1511; x_wconf 82' lang='lat' dir='ltr'>rogavitque</span> <span class='ocrx_word' id='word_1_176' title='bbox 1320 1469 1398 1506; x_wconf 89' lang='lat' dir='ltr'>me,</span> <span class='ocrx_word' id='word_1_177' title='bbox 1440 1461 1498 1507; x_wconf 91' lang='lat' dir='ltr'>ut,</span> <span class='ocrx_word' id='word_1_178' title='bbox 1545 1469 1628 1510; x_wconf 91' lang='lat' dir='ltr'>quo</span> <span class='ocrx_word' id='word_1_179' title='bbox 1666 1456 1710 1495; x_wconf 88' lang='lat' dir='ltr'>in</span> <span class='ocrx_word' id='word_1_180' title='bbox 1745 1455 1838 1497; x_wconf 93' lang='lat' dir='ltr'>loco</span> 
     </span>
     <span class='ocr_line' id='line_1_27' title="bbox 360 1509 1840 1569; baseline -0.001 -15"><span class='ocrx_word' id='word_1_181' title='bbox 360 1514 631 1569; x_wconf 79' lang='lat' dir='ltr'>episcopatus</span> <span class='ocrx_word' id='word_1_182' title='bbox 661 1512 744 1553; x_wconf 90' lang='lat' dir='ltr'>mei</span> <span class='ocrx_word' id='word_1_183' title='bbox 773 1512 920 1553; x_wconf 86' lang='lat' dir='ltr'>civitas</span> <span class='ocrx_word' id='word_1_184' title='bbox 952 1517 1073 1563; x_wconf 86' lang='lat' dir='ltr'>esset,</span> <span class='ocrx_word' id='word_1_185' title='bbox 1104 1525 1239 1565; x_wconf 83' lang='lat' dir='ltr'>quove</span> <span class='ocrx_word' id='word_1_186' title='bbox 1263 1511 1433 1551; x_wconf 90' lang='lat' dir='ltr'>nomine</span> <span class='ocrx_word' id='word_1_187' title='bbox 1453 1509 1672 1563; x_wconf 89' lang='lat' dir='ltr'>frueretur,</span> <span class='ocrx_word' id='word_1_188' title='bbox 1704 1510 1840 1553; x_wconf 74' lang='lat' dir='ltr'>edice-</span> 
     </span>
     <span class='ocr_line' id='line_1_28' title="bbox 359 1564 1840 1622; baseline -0.001 -12"><span class='ocrx_word' id='word_1_189' title='bbox 359 1584 463 1610; x_wconf 89' lang='lat' dir='ltr'>rem.</span> <span class='ocrx_word' id='word_1_190' title='bbox 532 1568 630 1610; x_wconf 81' lang='lat' dir='ltr'>Cui:</span> <span class='ocrx_word' id='word_1_191' title='bbox 680 1566 926 1618; x_wconf 76' lang='lat' dir='ltr'>‘Oi-einona&#39;,</span> <span class='ocrx_word' id='word_1_192' title='bbox 967 1568 1152 1622; x_wconf 89' lang='lat' dir='ltr'>inquam,</span> <span class='ocrx_word' id='word_1_193' title='bbox 1192 1565 1391 1606; x_wconf 82' lang='lat' dir='ltr'>‘Eridano</span> <span class='ocrx_word' id='word_1_194' title='bbox 1427 1564 1653 1606; x_wconf 88' lang='lat' dir='ltr'>fluviorum</span> <span class='ocrx_word' id='word_1_195' title='bbox 1692 1565 1840 1609; x_wconf 82' lang='lat' dir='ltr'>Italiae</span> 
     </span>
     <span class='ocr_line' id='line_1_29' title="bbox 360 1620 1839 1677; baseline -0.001 -12"><span class='ocrx_word' id='word_1_196' title='bbox 360 1625 449 1677; x_wconf 81' lang='lat' dir='ltr'>regi</span> <span class='ocrx_word' id='word_1_197' title='bbox 466 1633 477 1653; x_wconf 88' lang='lat'><strong>¹</strong></span> <span class='ocrx_word' id='word_1_198' title='bbox 520 1624 620 1664; x_wconf 84' lang='lat' dir='ltr'>satis</span> <span class='ocrx_word' id='word_1_199' title='bbox 660 1623 812 1663; x_wconf 87' lang='lat' dir='ltr'>vicina.</span> <span class='ocrx_word' id='word_1_200' title='bbox 884 1622 940 1663; x_wconf 87' lang='lat' dir='ltr'>Et</span> <span class='ocrx_word' id='word_1_201' title='bbox 980 1623 1078 1676; x_wconf 87' lang='lat' dir='ltr'>quia</span> <span class='ocrx_word' id='word_1_202' title='bbox 1117 1622 1342 1676; x_wconf 86' lang='lat' dir='ltr'>imperium</span> <span class='ocrx_word' id='word_1_203' title='bbox 1380 1627 1501 1661; x_wconf 89' lang='lat' dir='ltr'>tuum</span> <span class='ocrx_word' id='word_1_204' title='bbox 1538 1620 1753 1662; x_wconf 87' lang='lat' dir='ltr'>chelandia</span> <span class='ocrx_word' id='word_1_205' title='bbox 1791 1636 1839 1663; x_wconf 91' lang='lat' dir='ltr'>eo</span> 
     </span>
     <span class='ocr_line' id='line_1_30' title="bbox 360 1676 1838 1734; baseline -0.001 -15"><span class='ocrx_word' id='word_1_206' title='bbox 360 1677 526 1721; x_wconf 86' lang='lat' dir='ltr'>mittere</span> <span class='ocrx_word' id='word_1_207' title='bbox 565 1686 776 1734; x_wconf 82' lang='lat' dir='ltr'>properat,</span> <span class='ocrx_word' id='word_1_208' title='bbox 824 1678 958 1733; x_wconf 86' lang='lat' dir='ltr'>prosit</span> <span class='ocrx_word' id='word_1_209' title='bbox 992 1677 1095 1717; x_wconf 90' lang='lat' dir='ltr'>mihi</span> <span class='ocrx_word' id='word_1_210' title='bbox 1134 1683 1174 1717; x_wconf 87' lang='lat' dir='ltr'>te</span> <span class='ocrx_word' id='word_1_211' title='bbox 1214 1676 1383 1729; x_wconf 89' lang='lat' dir='ltr'>vidisse,</span> <span class='ocrx_word' id='word_1_212' title='bbox 1427 1677 1560 1731; x_wconf 85' lang='lat' dir='ltr'>prosit</span> <span class='ocrx_word' id='word_1_213' title='bbox 1596 1677 1838 1732; x_wconf 84' lang='lat' dir='ltr'>agnovisse!</span> 
     </span>
     <span class='ocr_line' id='line_1_31' title="bbox 360 1732 1841 1790; baseline -0.001 -15"><span class='ocrx_word' id='word_1_214' title='bbox 360 1735 429 1776; x_wconf 90' lang='lat' dir='ltr'>Da</span> <span class='ocrx_word' id='word_1_215' title='bbox 460 1749 608 1790; x_wconf 86' lang='lat' dir='ltr'>pacem</span> <span class='ocrx_word' id='word_1_216' title='bbox 636 1734 743 1787; x_wconf 90' lang='lat' dir='ltr'>loco,</span> <span class='ocrx_word' id='word_1_217' title='bbox 774 1741 820 1775; x_wconf 88' lang='lat' dir='ltr'>ut</span> <span class='ocrx_word' id='word_1_218' title='bbox 850 1749 924 1788; x_wconf 88' lang='lat' dir='ltr'>per</span> <span class='ocrx_word' id='word_1_219' title='bbox 953 1740 994 1774; x_wconf 89' lang='lat' dir='ltr'>te</span> <span class='ocrx_word' id='word_1_220' title='bbox 1032 1732 1178 1773; x_wconf 86' lang='lat' dir='ltr'>saltem</span> <span class='ocrx_word' id='word_1_221' title='bbox 1217 1733 1349 1788; x_wconf 88' lang='lat' dir='ltr'>possit</span> <span class='ocrx_word' id='word_1_222' title='bbox 1383 1732 1622 1785; x_wconf 89' lang='lat' dir='ltr'>subsistere,</span> <span class='ocrx_word' id='word_1_223' title='bbox 1663 1733 1736 1788; x_wconf 92' lang='lat' dir='ltr'>qui</span> <span class='ocrx_word' id='word_1_224' title='bbox 1764 1733 1841 1775; x_wconf 90' lang='lat' dir='ltr'>tibi</span> 
     </span>
     <span class='ocr_line' id='line_1_32' title="bbox 360 1787 1841 1845; baseline -0.001 -14"><span class='ocrx_word' id='word_1_225' title='bbox 360 1805 443 1831; x_wconf 91' lang='lat' dir='ltr'>non</span> <span class='ocrx_word' id='word_1_226' title='bbox 475 1796 613 1845; x_wconf 88' lang='lat' dir='ltr'>potest</span> <span class='ocrx_word' id='word_1_227' title='bbox 642 1789 868 1830; x_wconf 55' lang='lat' dir='ltr'>resistere?</span> <span class='ocrx_word' id='word_1_228' title='bbox 901 1788 986 1830; x_wconf 81' lang='lat' dir='ltr'>Sed</span> <span class='ocrx_word' id='word_1_229' title='bbox 1006 1788 1125 1829; x_wconf 82' lang='lat' dir='ltr'>vafer</span> <span class='ocrx_word' id='word_1_230' title='bbox 1144 1787 1211 1829; x_wconf 90' lang='lat' dir='ltr'>ille</span> <span class='ocrx_word' id='word_1_231' title='bbox 1232 1788 1335 1828; x_wconf 89' lang='lat' dir='ltr'>haec</span> <span class='ocrx_word' id='word_1_232' title='bbox 1357 1788 1576 1843; x_wconf 78' lang='grc' dir='ltr'>εἰρωνικῶς</span> <span class='ocrx_word' id='word_1_233' title='bbox 1596 1802 1663 1829; x_wconf 87' lang='lat' dir='ltr'>me</span> <span class='ocrx_word' id='word_1_234' title='bbox 1685 1787 1841 1830; x_wconf 78' lang='lat' dir='ltr'>dixisse</span> 
     </span>
     <span class='ocr_line' id='line_1_33' title="bbox 362 1843 1842 1901; baseline -0.001 -15"><span class='ocrx_word' id='word_1_235' title='bbox 362 1846 573 1901; x_wconf 84' lang='lat' dir='ltr'>cognovit,</span> <span class='ocrx_word' id='word_1_236' title='bbox 604 1844 896 1900; x_wconf 88' lang='lat' dir='ltr'>submissoque</span> <span class='ocrx_word' id='word_1_237' title='bbox 926 1844 1045 1885; x_wconf 84' lang='lat' dir='ltr'>vultu</span> <span class='ocrx_word' id='word_1_238' title='bbox 1082 1858 1125 1884; x_wconf 91' lang='lat' dir='ltr'>se</span> <span class='ocrx_word' id='word_1_239' title='bbox 1160 1844 1218 1884; x_wconf 88' lang='lat' dir='ltr'>ita</span> <span class='ocrx_word' id='word_1_240' title='bbox 1246 1843 1455 1884; x_wconf 86' lang='lat' dir='ltr'>facturum</span> <span class='ocrx_word' id='word_1_241' title='bbox 1492 1843 1696 1898; x_wconf 88' lang='lat' dir='ltr'>promisit,</span> <span class='ocrx_word' id='word_1_242' title='bbox 1733 1844 1842 1884; x_wconf 88' lang='lat' dir='ltr'>iura-</span> 
     </span>
     <span class='ocr_line' id='line_1_34' title="bbox 361 1897 1842 1956; baseline -0.001 -14"><span class='ocrx_word' id='word_1_243' title='bbox 361 1902 506 1956; x_wconf 79' lang='lat' dir='ltr'>vitque</span> <span class='ocrx_word' id='word_1_244' title='bbox 550 1900 652 1940; x_wconf 73' lang='lat' dir='ltr'>mihi</span> <span class='ocrx_word' id='word_1_245' title='bbox 696 1915 773 1955; x_wconf 90' lang='lat' dir='ltr'>per</span> <span class='ocrx_word' id='word_1_246' title='bbox 810 1901 944 1941; x_wconf 84' lang='lat' dir='ltr'>sancti</span> <span class='ocrx_word' id='word_1_247' title='bbox 988 1900 1052 1940; x_wconf 90' lang='lat' dir='ltr'>sui</span> <span class='ocrx_word' id='word_1_248' title='bbox 1088 1899 1287 1940; x_wconf 87' lang='lat' dir='ltr'>virtutem</span> <span class='ocrx_word' id='word_1_249' title='bbox 1326 1899 1503 1952; x_wconf 88' lang='lat' dir='ltr'>imperii,</span> <span class='ocrx_word' id='word_1_250' title='bbox 1545 1897 1604 1938; x_wconf 90' lang='lat' dir='ltr'>nil</span> <span class='ocrx_word' id='word_1_251' title='bbox 1640 1913 1707 1940; x_wconf 90' lang='lat' dir='ltr'>me</span> <span class='ocrx_word' id='word_1_252' title='bbox 1743 1898 1842 1940; x_wconf 89' lang='lat' dir='ltr'>mali</span> 
     </span>
     <span class='ocr_line' id='line_1_35' title="bbox 361 1953 1841 2011; baseline -0.001 -14"><span class='ocrx_word' id='word_1_253' title='bbox 361 1971 598 2011; x_wconf 87' lang='lat' dir='ltr'>passurum,</span> <span class='ocrx_word' id='word_1_254' title='bbox 630 1955 705 1997; x_wconf 86' lang='lat' dir='ltr'>sed</span> <span class='ocrx_word' id='word_1_255' title='bbox 734 1970 934 2010; x_wconf 88' lang='lat' dir='ltr'>prospere</span> <span class='ocrx_word' id='word_1_256' title='bbox 965 1955 1050 1996; x_wconf 90' lang='lat' dir='ltr'>suis</span> <span class='ocrx_word' id='word_1_257' title='bbox 1081 1968 1175 1995; x_wconf 90' lang='lat' dir='ltr'>cum</span> <span class='ocrx_word' id='word_1_258' title='bbox 1207 1953 1434 1994; x_wconf 81' lang='lat' dir='ltr'>chelandiis</span> <span class='ocrx_word' id='word_1_259' title='bbox 1456 1968 1590 2009; x_wconf 89' lang='lat' dir='ltr'>usque</span> <span class='ocrx_word' id='word_1_260' title='bbox 1612 1955 1654 1993; x_wconf 92' lang='lat' dir='ltr'>in</span> <span class='ocrx_word' id='word_1_261' title='bbox 1673 1953 1841 1995; x_wconf 86' lang='lat' dir='ltr'>Ancho-</span> 
     </span>
     <span class='ocr_line' id='line_1_36' title="bbox 360 2009 1841 2066; baseline -0.001 -14"><span class='ocrx_word' id='word_1_262' title='bbox 360 2013 551 2052; x_wconf 87' lang='lat' dir='ltr'>nitanum</span> <span class='ocrx_word' id='word_1_263' title='bbox 581 2017 750 2066; x_wconf 88' lang='lat' dir='ltr'>portum</span> <span class='ocrx_word' id='word_1_264' title='bbox 780 2011 862 2052; x_wconf 87' lang='lat' dir='ltr'>cito</span> <span class='ocrx_word' id='word_1_265' title='bbox 891 2017 1209 2066; x_wconf 72' lang='lat' dir='ltr'>perventurum,</span> <span class='ocrx_word' id='word_1_266' title='bbox 1248 2017 1289 2050; x_wconf 90' lang='lat' dir='ltr'>et</span> <span class='ocrx_word' id='word_1_267' title='bbox 1326 2009 1427 2049; x_wconf 86' lang='lat' dir='ltr'>mihi</span> <span class='ocrx_word' id='word_1_268' title='bbox 1465 2009 1508 2049; x_wconf 91' lang='lat' dir='ltr'>id</span> <span class='ocrx_word' id='word_1_269' title='bbox 1544 2015 1667 2050; x_wconf 88' lang='lat' dir='ltr'>tunso</span> <span class='ocrx_word' id='word_1_270' title='bbox 1699 2009 1841 2065; x_wconf 85' lang='lat' dir='ltr'>digitis</span> 
     </span>
     <span class='ocr_line' id='line_1_37' title="bbox 362 2067 729 2122; baseline -0.008 -14"><span class='ocrx_word' id='word_1_271' title='bbox 362 2074 531 2122; x_wconf 82' lang='lat' dir='ltr'>pectore</span> <span class='ocrx_word' id='word_1_272' title='bbox 565 2067 729 2107; x_wconf 84' lang='lat' dir='ltr'>iuravit.</span> 
     </span>
    </p>

    <p class='ocr_par' dir='ltr' id='par_1_7' title="bbox 363 2119 1843 2564">
     <span class='ocr_line' id='line_1_38' title="bbox 475 2119 1841 2177; baseline -0.001 -14"><span class='ocrx_word' id='word_1_273' title='bbox 475 2122 540 2163; x_wconf 79' lang='lat'>34.</span> <span class='ocrx_word' id='word_1_274' title='bbox 586 2122 746 2162; x_wconf 90' lang='lat' dir='ltr'>Verum</span> <span class='ocrx_word' id='word_1_275' title='bbox 768 2135 894 2177; x_wconf 88' lang='lat' dir='ltr'>quam</span> <span class='ocrx_word' id='word_1_276' title='bbox 915 2122 1043 2176; x_wconf 88' lang='lat' dir='ltr'>impie</span> <span class='ocrx_word' id='word_1_277' title='bbox 1065 2121 1327 2176; x_wconf 88' lang='lat' dir='ltr'>peieraverit,</span> <span class='ocrx_word' id='word_1_278' title='bbox 1349 2120 1680 2162; x_wconf 87' lang='lat' dir='ltr'>animadvertite.</span> <span class='ocrx_word' id='word_1_279' title='bbox 1721 2119 1841 2162; x_wconf 83' lang='lat' dir='ltr'>Haec</span> 
     </span>
     <span class='ocr_line' id='line_1_39' title="bbox 363 2174 1843 2231; baseline -0.001 -14"><span class='ocrx_word' id='word_1_280' title='bbox 363 2184 470 2229; x_wconf 87' lang='lat' dir='ltr'>acta,</span> <span class='ocrx_word' id='word_1_281' title='bbox 500 2177 605 2218; x_wconf 86' lang='lat' dir='ltr'>haec</span> <span class='ocrx_word' id='word_1_282' title='bbox 632 2176 745 2218; x_wconf 80' lang='lat' dir='ltr'>dicta·</span> <span class='ocrx_word' id='word_1_283' title='bbox 765 2183 863 2218; x_wconf 89' lang='lat' dir='ltr'>sunt</span> <span class='ocrx_word' id='word_1_284' title='bbox 883 2176 1172 2217; x_wconf 87' lang='lat' dir='ltr'>decimotertio</span> <span class='ocrx_word' id='word_1_285' title='bbox 1193 2174 1408 2216; x_wconf 89' lang='lat' dir='ltr'>Kalendas</span> <span class='ocrx_word' id='word_1_286' title='bbox 1429 2174 1626 2231; x_wconf 84' lang='lat' dir='ltr'>Augusti,</span> <span class='ocrx_word' id='word_1_287' title='bbox 1657 2175 1843 2217; x_wconf 89' lang='lat' dir='ltr'>secunda</span> 
     </span>
     <span class='ocr_line' id='line_1_40' title="bbox 363 2231 1842 2288; baseline 0 -15"><span class='ocrx_word' id='word_1_288' title='bbox 363 2233 465 2274; x_wconf 88' lang='lat' dir='ltr'>feria</span> <span class='ocrx_word' id='word_1_289' title='bbox 480 2238 507 2285; x_wconf 75' lang='lat'>²,</span> <span class='ocrx_word' id='word_1_290' title='bbox 549 2247 632 2288; x_wconf 91' lang='lat' dir='ltr'>quo</span> <span class='ocrx_word' id='word_1_291' title='bbox 667 2247 722 2273; x_wconf 82' lang='lat' dir='ltr'>ex</span> <span class='ocrx_word' id='word_1_292' title='bbox 761 2232 828 2273; x_wconf 91' lang='lat' dir='ltr'>die</span> <span class='ocrx_word' id='word_1_293' title='bbox 863 2247 998 2287; x_wconf 91' lang='lat' dir='ltr'>usque</span> <span class='ocrx_word' id='word_1_294' title='bbox 1036 2233 1081 2272; x_wconf 91' lang='lat' dir='ltr'>in</span> <span class='ocrx_word' id='word_1_295' title='bbox 1119 2246 1278 2271; x_wconf 88' lang='lat' dir='ltr'>nonum</span> <span class='ocrx_word' id='word_1_296' title='bbox 1315 2231 1619 2285; x_wconf 85' lang='lat' dir='ltr'>stipendiorum</span> <span class='ocrx_word' id='word_1_297' title='bbox 1655 2231 1760 2272; x_wconf 83' lang='lat' dir='ltr'>nihil</span> <span class='ocrx_word' id='word_1_298' title='bbox 1789 2232 1842 2273; x_wconf 90' lang='lat' dir='ltr'>ab</span> 
     </span>
     <span class='ocr_line' id='line_1_41' title="bbox 364 2286 1843 2343; baseline -0.001 -14"><span class='ocrx_word' id='word_1_299' title='bbox 364 2303 412 2329; x_wconf 93' lang='lat' dir='ltr'>eo</span> <span class='ocrx_word' id='word_1_300' title='bbox 442 2289 596 2343; x_wconf 85' lang='lat' dir='ltr'>recepi,</span> <span class='ocrx_word' id='word_1_301' title='bbox 627 2302 726 2328; x_wconf 89' lang='lat' dir='ltr'>cum</span> <span class='ocrx_word' id='word_1_302' title='bbox 754 2294 872 2329; x_wconf 87' lang='lat' dir='ltr'>tanta</span> <span class='ocrx_word' id='word_1_303' title='bbox 901 2295 1011 2329; x_wconf 87' lang='lat' dir='ltr'>esset</span> <span class='ocrx_word' id='word_1_304' title='bbox 1041 2286 1405 2341; x_wconf 83' lang='lat' dir='ltr'>Constantinopoli</span> <span class='ocrx_word' id='word_1_305' title='bbox 1434 2286 1578 2338; x_wconf 88' lang='lat' dir='ltr'>fames,</span> <span class='ocrx_word' id='word_1_306' title='bbox 1618 2293 1664 2328; x_wconf 89' lang='lat' dir='ltr'>ut</span> <span class='ocrx_word' id='word_1_307' title='bbox 1692 2287 1843 2342; x_wconf 85' lang='lat' dir='ltr'>viginti</span> 
     </span>
     <span class='ocr_line' id='line_1_42' title="bbox 365 2341 1841 2399; baseline 0.001 -16"><span class='ocrx_word' id='word_1_308' title='bbox 365 2344 551 2399; x_wconf 90' lang='lat' dir='ltr'>quinque</span> <span class='ocrx_word' id='word_1_309' title='bbox 590 2343 769 2385; x_wconf 86' lang='lat' dir='ltr'>asseclas</span> <span class='ocrx_word' id='word_1_310' title='bbox 810 2358 925 2385; x_wconf 87' lang='lat' dir='ltr'>meos</span> <span class='ocrx_word' id='word_1_311' title='bbox 966 2349 1007 2384; x_wconf 88' lang='lat' dir='ltr'>et</span> <span class='ocrx_word' id='word_1_312' title='bbox 1044 2350 1224 2397; x_wconf 88' lang='lat' dir='ltr'>quatuor</span> <span class='ocrx_word' id='word_1_313' title='bbox 1263 2341 1459 2383; x_wconf 87' lang='lat' dir='ltr'>custodes</span> <span class='ocrx_word' id='word_1_314' title='bbox 1491 2341 1677 2384; x_wconf 83' lang='lat' dir='ltr'>Graecos</span> <span class='ocrx_word' id='word_1_315' title='bbox 1707 2342 1841 2384; x_wconf 87' lang='lat' dir='ltr'>tribus</span> 
     </span>
     <span class='ocr_line' id='line_1_43' title="bbox 365 2397 1841 2454; baseline 0 -15"><span class='ocrx_word' id='word_1_316' title='bbox 365 2399 503 2440; x_wconf 89' lang='lat' dir='ltr'>aureis</span> <span class='ocrx_word' id='word_1_317' title='bbox 548 2413 633 2439; x_wconf 86' lang='lat' dir='ltr'>una</span> <span class='ocrx_word' id='word_1_318' title='bbox 677 2413 807 2440; x_wconf 89' lang='lat' dir='ltr'>coena</span> <span class='ocrx_word' id='word_1_319' title='bbox 850 2399 1067 2454; x_wconf 87' lang='lat' dir='ltr'>nequirem</span> <span class='ocrx_word' id='word_1_320' title='bbox 1110 2397 1295 2439; x_wconf 89' lang='lat' dir='ltr'>reficere.</span> <span class='ocrx_word' id='word_1_321' title='bbox 1370 2397 1531 2449; x_wconf 76' lang='lat' dir='ltr'>Quarta</span> <span class='ocrx_word' id='word_1_322' title='bbox 1563 2397 1666 2439; x_wconf 84' lang='lat' dir='ltr'>feria</span> <span class='ocrx_word' id='word_1_323' title='bbox 1709 2398 1841 2451; x_wconf 90' lang='lat' dir='ltr'>ipsius</span> 
     </span>
     <span class='ocr_line' id='line_1_44' title="bbox 365 2451 1842 2509; baseline 0 -15"><span class='ocrx_word' id='word_1_324' title='bbox 365 2453 656 2495; x_wconf 83' lang='lat' dir='ltr'>hebdomadae</span> <span class='ocrx_word' id='word_1_325' title='bbox 677 2454 941 2509; x_wconf 85' lang='lat' dir='ltr'>Nieephorus</span> <span class='ocrx_word' id='word_1_326' title='bbox 963 2451 1372 2508; x_wconf 81' lang='lat' dir='ltr'>Constantinopolim</span> <span class='ocrx_word' id='word_1_327' title='bbox 1393 2452 1618 2507; x_wconf 88' lang='lat' dir='ltr'>egreditur,</span> <span class='ocrx_word' id='word_1_328' title='bbox 1649 2453 1692 2493; x_wconf 94' lang='lat' dir='ltr'>in</span> <span class='ocrx_word' id='word_1_329' title='bbox 1713 2453 1842 2508; x_wconf 87' lang='lat' dir='ltr'>Assy-</span> 
     </span>
     <span class='ocr_line' id='line_1_45' title="bbox 366 2509 761 2564; baseline -0.003 -14"><span class='ocrx_word' id='word_1_330' title='bbox 366 2510 452 2550; x_wconf 86' lang='lat' dir='ltr'>rios</span> <span class='ocrx_word' id='word_1_331' title='bbox 482 2509 761 2564; x_wconf 87' lang='lat' dir='ltr'>profecturus.</span> 
     </span>
    </p>

    <p class='ocr_par' dir='ltr' id='par_1_8' title="bbox 369 2563 1844 2675">
     <span class='ocr_line' id='line_1_46' title="bbox 479 2563 1844 2619; baseline 0 -14"><span class='ocrx_word' id='word_1_332' title='bbox 479 2565 545 2605; x_wconf 69' lang='lat'>35).</span> <span class='ocrx_word' id='word_1_333' title='bbox 591 2565 750 2616; x_wconf 76' lang='lat' dir='ltr'>Quinta</span> <span class='ocrx_word' id='word_1_334' title='bbox 792 2565 896 2606; x_wconf 86' lang='lat' dir='ltr'>feria</span> <span class='ocrx_word' id='word_1_335' title='bbox 934 2564 1062 2606; x_wconf 83' lang='lat' dir='ltr'>frater</span> <span class='ocrx_word' id='word_1_336' title='bbox 1104 2578 1203 2604; x_wconf 88' lang='lat' dir='ltr'>suus</span> <span class='ocrx_word' id='word_1_337' title='bbox 1240 2578 1307 2604; x_wconf 89' lang='lat' dir='ltr'>me</span> <span class='ocrx_word' id='word_1_338' title='bbox 1346 2563 1578 2616; x_wconf 77' lang='lat' dir='ltr'>accersivit,</span> <span class='ocrx_word' id='word_1_339' title='bbox 1624 2578 1750 2619; x_wconf 90' lang='lat' dir='ltr'>quem</span> <span class='ocrx_word' id='word_1_340' title='bbox 1787 2564 1844 2605; x_wconf 85' lang='lat' dir='ltr'>ita</span> 
     </span>
     <span class='ocr_line' id='line_1_47' title="bbox 369 2618 1844 2675; baseline 0.001 -15"><span class='ocrx_word' id='word_1_341' title='bbox 369 2620 584 2661; x_wconf 88' lang='lat' dir='ltr'>convenit:</span> <span class='ocrx_word' id='word_1_342' title='bbox 630 2620 799 2662; x_wconf 84' lang='lat' dir='ltr'>‘Sancto</span> <span class='ocrx_word' id='word_1_343' title='bbox 839 2621 1089 2675; x_wconf 87' lang='lat' dir='ltr'>imperatore</span> <span class='ocrx_word' id='word_1_344' title='bbox 1128 2619 1378 2674; x_wconf 81' lang='lat' dir='ltr'>pregressof,</span> <span class='ocrx_word' id='word_1_345' title='bbox 1409 2619 1523 2659; x_wconf 89' lang='lat' dir='ltr'>domi</span> <span class='ocrx_word' id='word_1_346' title='bbox 1552 2618 1676 2660; x_wconf 89' lang='lat' dir='ltr'>hodie</span> <span class='ocrx_word' id='word_1_347' title='bbox 1707 2619 1844 2675; x_wconf 89' lang='lat' dir='ltr'>dispo-</span> 
     </span>
    </p>
   </div>
   <div class='ocr_carea' id='block_1_5' title="bbox 368 2701 1844 2774">
    <p class='ocr_par' dir='ltr' id='par_1_9' title="bbox 368 2701 1844 2774">
     <span class='ocr_line' id='line_1_48' title="bbox 368 2701 1844 2735; baseline 0.001 -7"><span class='ocrx_word' id='word_1_348' title='bbox 368 2703 396 2735; x_wconf 87' lang='lat' dir='ltr'>a)</span> <span class='ocrx_word' id='word_1_349' title='bbox 421 2703 530 2728; x_wconf 85' lang='lat' dir='ltr'>delusit</span> <span class='ocrx_word' id='word_1_350' title='bbox 553 2704 579 2729; x_wconf 85' lang='lat' dir='ltr'>C.</span> <span class='ocrx_word' id='word_1_351' title='bbox 602 2703 743 2728; x_wconf 86' lang='lat' dir='ltr'>demulsit</span> <span class='ocrx_word' id='word_1_352' title='bbox 766 2703 945 2728; x_wconf 64' lang='lat' dir='ltr'>Giesehrecht.</span> <span class='ocrx_word' id='word_1_353' title='bbox 1036 2702 1066 2735; x_wconf 88' lang='lat' dir='ltr'>b)</span> <span class='ocrx_word' id='word_1_354' title='bbox 1090 2704 1306 2735; x_wconf 79' lang='lat' dir='ltr'>Imperatorem</span> <span class='ocrx_word' id='word_1_355' title='bbox 1329 2703 1357 2727; x_wconf 83' lang='lat' dir='ltr'>C.</span> <span class='ocrx_word' id='word_1_356' title='bbox 1440 2701 1465 2733; x_wconf 79' lang='lat' dir='ltr'>c)</span> <span class='ocrx_word' id='word_1_357' title='bbox 1489 2703 1552 2728; x_wconf 87' lang='lat' dir='ltr'>scio</span> <span class='ocrx_word' id='word_1_358' title='bbox 1575 2703 1639 2728; x_wconf 78' lang='lat' dir='ltr'>add.</span> <span class='ocrx_word' id='word_1_359' title='bbox 1664 2703 1844 2729; x_wconf 77' lang='lat' dir='ltr'>Giesebrecm.</span> 
     </span>
     <span class='ocr_line' id='line_1_49' title="bbox 369 2741 1825 2774; baseline 0.001 -8"><span class='ocrx_word' id='word_1_360' title='bbox 369 2742 397 2774; x_wconf 86' lang='lat' dir='ltr'>d)</span> <span class='ocrx_word' id='word_1_361' title='bbox 422 2746 526 2767; x_wconf 83' lang='lat' dir='ltr'>contra</span> <span class='ocrx_word' id='word_1_362' title='bbox 549 2742 577 2768; x_wconf 86' lang='lat' dir='ltr'>C.</span> <span class='ocrx_word' id='word_1_363' title='bbox 658 2741 685 2773; x_wconf 84' lang='lat' dir='ltr'>e)</span> <span class='ocrx_word' id='word_1_364' title='bbox 709 2743 747 2766; x_wconf 82' lang='lat' dir='ltr'>al.</span> <span class='ocrx_word' id='word_1_365' title='bbox 771 2743 868 2773; x_wconf 72' lang='lat' dir='ltr'>pallii,</span> <span class='ocrx_word' id='word_1_366' title='bbox 891 2743 928 2767; x_wconf 75' lang='lat' dir='ltr'>al.</span> <span class='ocrx_word' id='word_1_367' title='bbox 951 2743 1044 2773; x_wconf 85' lang='lat' dir='ltr'>palmi</span> <span class='ocrx_word' id='word_1_368' title='bbox 1067 2742 1094 2767; x_wconf 74' lang='lat' dir='ltr'>G.</span> <span class='ocrx_word' id='word_1_369' title='bbox 1176 2742 1198 2773; x_wconf 72' lang='lat' dir='ltr'>f)</span> <span class='ocrx_word' id='word_1_370' title='bbox 1221 2742 1389 2773; x_wconf 78' lang='lat' dir='ltr'>praemisso</span> <span class='ocrx_word' id='word_1_371' title='bbox 1412 2742 1439 2766; x_wconf 83' lang='lat' dir='ltr'>C.</span> <span class='ocrx_word' id='word_1_372' title='bbox 1463 2748 1623 2773; x_wconf 82' lang='lat' dir='ltr'>pregresso</span> <span class='ocrx_word' id='word_1_373' title='bbox 1645 2742 1825 2769; x_wconf 77' lang='lat' dir='ltr'>Giesebrecht.</span> 
     </span>
    </p>
   </div>
   <div class='ocr_carea' id='block_1_6' title="bbox 370 2816 1846 2908">
    <p class='ocr_par' dir='ltr' id='par_1_10' title="bbox 370 2816 1846 2908">
     <span class='ocr_line' id='line_1_50' title="bbox 373 2816 1846 2859; baseline 0.002 -12"><span class='ocrx_word' id='word_1_374' title='bbox 373 2817 406 2858; x_wconf 63' lang='lat'>1)</span> <span class='ocrx_word' id='word_1_375' title='bbox 433 2818 541 2859; x_wconf 85' lang='lat' dir='ltr'>Verg.</span> <span class='ocrx_word' id='word_1_376' title='bbox 570 2818 700 2859; x_wconf 85' lang='lat' dir='ltr'>Georg.</span> <span class='ocrx_word' id='word_1_377' title='bbox 728 2818 755 2857; x_wconf 93' lang='lat'>1,</span> <span class='ocrx_word' id='word_1_378' title='bbox 783 2817 872 2848; x_wconf 76' lang='lat'>482:</span> <span class='ocrx_word' id='word_1_379' title='bbox 910 2817 1111 2849; x_wconf 80' lang='lat' dir='ltr'>Fluviorum</span> <span class='ocrx_word' id='word_1_380' title='bbox 1147 2827 1208 2849; x_wconf 85' lang='lat' dir='ltr'>rex</span> <span class='ocrx_word' id='word_1_381' title='bbox 1241 2816 1436 2857; x_wconf 79' lang='lat' dir='ltr'>Eridanus,</span> <span class='ocrx_word' id='word_1_382' title='bbox 1473 2817 1517 2849; x_wconf 88' lang='lat' dir='ltr'>cf.</span> <span class='ocrx_word' id='word_1_383' title='bbox 1551 2817 1632 2849; x_wconf 90' lang='lat' dir='ltr'>Ant.</span> <span class='ocrx_word' id='word_1_384' title='bbox 1666 2818 1723 2848; x_wconf 91' lang='lat' dir='ltr'>III</span> <span class='ocrx_word' id='word_1_385' title='bbox 1752 2828 1783 2850; x_wconf 89' lang='lat' dir='ltr'>c.</span> <span class='ocrx_word' id='word_1_386' title='bbox 1811 2818 1846 2850; x_wconf 85' lang='grc'>9.</span> 
     </span>
     <span class='ocr_line' id='line_1_51' title="bbox 370 2864 1742 2908; baseline 0.001 -11"><span class='ocrx_word' id='word_1_387' title='bbox 370 2869 403 2905; x_wconf 79' lang='grc'>2)</span> <span class='ocrx_word' id='word_1_388' title='bbox 433 2866 522 2898; x_wconf 88' lang='lat' dir='ltr'>Vere</span> <span class='ocrx_word' id='word_1_389' title='bbox 550 2866 616 2898; x_wconf 87' lang='lat' dir='ltr'>hoc</span> <span class='ocrx_word' id='word_1_390' title='bbox 644 2876 734 2898; x_wconf 87' lang='lat' dir='ltr'>anno</span> <span class='ocrx_word' id='word_1_391' title='bbox 764 2865 838 2898; x_wconf 86' lang='lat' dir='ltr'>dies</span> <span class='ocrx_word' id='word_1_392' title='bbox 868 2866 922 2898; x_wconf 89' lang='lat'>13.</span> <span class='ocrx_word' id='word_1_393' title='bbox 951 2866 1030 2898; x_wconf 83' lang='lat' dir='ltr'>Kal.</span> <span class='ocrx_word' id='word_1_394' title='bbox 1059 2867 1150 2908; x_wconf 87' lang='lat' dir='ltr'>Aug.</span> <span class='ocrx_word' id='word_1_395' title='bbox 1178 2866 1213 2897; x_wconf 87' lang='lat' dir='ltr'>in</span> <span class='ocrx_word' id='word_1_396' title='bbox 1240 2865 1432 2897; x_wconf 84' lang='lat' dir='ltr'>secundam</span> <span class='ocrx_word' id='word_1_397' title='bbox 1457 2864 1579 2898; x_wconf 80' lang='lat' dir='ltr'>feriam</span> <span class='ocrx_word' id='word_1_398' title='bbox 1606 2865 1742 2898; x_wconf 87' lang='lat' dir='ltr'>incidit.</span> 
     </span>
    </p>
   </div>
  </div>
 </body>
</html>
