1902 3200
233 245 533 280 LIUDPR-ANDI
559 244 902 278 ANTAPODOSIS.
955 246 1046 277 LIB.
1076 246 1136 278 IV.
1188 248 1318 280 9—10.
1475 250 1520 282 83

41 358 227 400 marchio
259 363 358 398 erat.
417 354 500 396 Hic
530 354 573 395 in
603 354 808 395 auxilium
844 355 1133 396 Beneventani
1163 357 1391 412 principis¹
1424 373 1519 399 con-

37 422 100 456 tra
132 413 304 464 Grecos,
351 411 422 465 qui
467 424 563 451 eum
606 410 791 465 graviter
826 410 1131 465 obpresserant,
1170 411 1285 452 abiit.
1354 412 1519 463 Quibus

38 483 134 510 cum
164 467 321 508 bellum
350 465 534 518 inferret,
564 466 741 507 victoria
781 472 843 506 est
883 466 1054 520 potitus.
1121 464 1308 520 Contigit
1338 466 1519 523 denique

37 523 188 565 nmltos
220 522 468 573 Grecorum‚
499 521 667 561 iamiam
703 535 787 561 non
824 534 927 562 arva
956 521 1031 561 sed
1061 528 1197 562 castra
1228 521 1518 575 obtinentium,

37 579 148 620 hunc
178 578 352 633 cepisse.
412 575 580 628 Quibus
611 576 712 617 dum
749 575 887 616 virilia
921 583 1172 631 amputaret,
1209 575 1308 617 talia
1345 578 1519 633 stratigo

36 634 108 690 qui
139 633 198 674 eis
228 638 394 687 preerat
430 632 660 673 nuntiavit:
721 631 946 683 ‘Quoniam
986 631 1157 687 quidem
1193 639 1334 673 vestro
1376 640 1519 674 sancto

34 688 277 744 imperatori
306 687 566 742 spadonibus
595 686 653 728 nil
683 688 908 742 pretiosius
940 701 1030 728 esse
1058 687 1249 742 cognovi,
1281 687 1357 727 hos
1378 688 1520 728 studui

33 743 238 800 pauculos
269 743 348 784 sibi
377 742 615 784 verecunde
646 743 942 796 transmittere,
984 742 1127 797 plures
1158 742 1409 797 quantocius
1439 742 1518 784 deo

33 799 216 855 propitio
246 797 591 839 transmissurus'.

148 855 212 895 10.
268 854 521 895 Ludibrium
543 860 696 906 autem,
719 853 847 894 immo
870 853 1134 908 sapientiam,
1158 868 1283 908 quam
1310 852 1520 909 quaedam

34 917 135 951 tunc
166 908 318 950 mulier
347 911 490 964 gessit,
523 908 590 949 hic
620 909 867 949 inseramus.
931 908 1048 949 Dum
1080 909 1192 949 enim
1231 908 1299 951 die
1335 908 1520 965 quadam

35 965 163 1007 Greci
193 980 290 1006 cum
321 965 455 1019 ipsius
493 970 601 1005 terre
639 963 880 1005 hominibus
918 970 1038 1005 extra
1077 971 1264 1005 castrum
1305 963 1521 1020 quoddam

32 1021 87 1062 ad
117 1035 302 1075 pugnam
338 1019 541 1061 adversus
581 1019 848 1060 Tedbaldum
887 1026 1167 1060 memoratum
1203 1020 1380 1073 exirent,
1419 1034 1521 1060 non-

31 1074 135 1116 nulli
165 1076 218 1116 ab
250 1074 398 1116 eodem
435 1081 532 1115 sunt
568 1075 693 1130 capti.
760 1074 878 1126 Quos
917 1074 1018 1114 dum
1056 1074 1324 1116 enuchizaret
1363 1088 1520 1130 eosque

29 1132 75 1172 in
106 1129 322 1172 castellum
352 1130 563 1185 dirigeret,
604 1129 754 1171 mulier
794 1128 1016 1185 quaedam,
1065 1130 1206 1171 mariti
1243 1145 1386 1171 amore
1427 1144 1519 1171 suc-

32 1200 159 1228 censa
171 1193 200 1239 ²¹,
231 1186 320 1227 eius
350 1193 426 1239 pro
458 1183 659 1226 membris
689 1200 775 1226 non
804 1200 955 1240 parum
986 1183 1198 1238 sollieitab‚
1228 1186 1365 1241 passis
1396 1186 1519 1227 crini-

31 1242 111 1284 bus
143 1241 195 1283 de
225 1240 395 1282 castello
428 1241 551 1281 *exiit
580 1239 821 1282 fluibunda.
876 1241 997 1292 Quae
1027 1255 1124 1281 cum
1156 1242 1340 1282 cruentis
1370 1241 1519 1296 ungui-

30 1297 109 1339 bus
141 1312 214 1338 ora
244 1296 514 1351 discerperet,
545 1303 671 1351 atque
701 1303 798 1338 ante
828 1295 1038 1338 Tedbaldi
1067 1297 1294 1338 tentorium
1325 1296 1519 1338 clamosis

29 1353 210 1395 vocibus
240 1351 373 1394 fieret:
433 1351 560 1404 ‘Quid
592 1366 742 1393 causae
773 1354 845 1393 est'
883 1353 1033 1408 inquit,
1076 1352 1250 1405 ‘mulier,
1289 1353 1403 1408 quod
1434 1360 1520 1394 tam

30 1408 192 1450 sonoris
222 1406 402 1449 vocibus
434 1407 662 1462 quereris⁷‘?
703 1408 824 1459 Quae
857 1435 908 1438 —
941 1408 1041 1463 quia
1068 1407 1290 1462 stultitiam
1321 1407 1520 1449 simulare

28 1463 134 1516 loco,
163 1463 391 1519 prudentia
420 1477 585 1504 summa
614 1470 688 1515 est,
734 1490 784 1494 —-
825 1463 883 1504 ita
920 1463 1161 1518 respondit:
1222 1464 1404 1505 ‘Novum
1439 1463 1519 1504 hoc

29 1518 350 1574 inauditumque
380 1518 545 1559 facinus
576 1524 649 1567 est,
678 1518 840 1571 heroes,
872 1526 919 1560 ut
947 1518 1104 1559 bellum
1134 1534 1219 1560 non
1248 1520 1519 1575 repugnanti-

27 1575 107 1616 bus
138 1573 383 1616 mulieribus
414 1573 615 1616 inferatis.
675 1574 925 1615 Nostrarum
960 1573 1073 1615 nulla
1113 1589 1167 1616 ex
1202 1575 1519 1616 Amazonarum

30 1631 237 1684 sanguine
267 1630 510 1685 prosapiam
542 1629 679 1683 ducit3
710 1630 929 1671 Minervae
961 1630 1121 1685 quippe
1152 1629 1287 1671 solum
1320 1630 1519 1686 operibus

28 1685 208 1739 deditae,
238 1699 452 1726 armorum
482 1686 679 1739 poenitus
710 1699 856 1726 sumus
886 1686 1087 1740 ignarae'.
1157 1685 1239 1727 Cui
1277 1700 1373 1727 cum
1410 1685 1519 1726 Ted-

27 1739 178 1782 baldus
223 1741 400 1782 diceret:
462 1740 583 1792 ‘Quis
611 1755 832 1795 ‚umquam
872 1741 963 1781 sam'
1003 1741 1153 1796 capitis
1193 1741 1334 1793 heros,
1380 1746 1520 1796 preter

27 1796 342 1837 Amazonarum
392 1794 672 1851 temporibus,
723 1795 880 1837 bellum
936 1795 1182 1837 mulieribus
1231 1795 1412 1838 intuliff?
1471 1810 1520 1838 ea

28 1851 262 1907 respondit:
313 1851 464 1903 ‘Quod‚
497 1851 615 1903 cedo,
646 1850 856 1893 crudelius
885 1850 1134 1892 mulieribus
1162 1851 1321 1893 bellum
1351 1851 1518 1904 inferre,

28 1908 183 1963 quidve
224 1906 531 1947 incommodius
569 1906 634 1948 his
675 1907 877 1962 potestis0
907 1907 1084 1959 auferre,
1131 1922 1258 1962 quam
1289 1914 1335 1948 ut
1374 1922 1518 1949 earmn

26 1963 127 2005 viris
168 1963 335 2004 certetis
376 1961 583 2013 orchidia*
623 1962 872 2017 amputare?
921 1963 965 2002 in
1005 1963 1160 2018 quibus
1198 1963 1332 2005 nostri
1372 1962 1519 2004 refoci-

26 2018 126 2060 latio
158 2018 359 2074 corporis,
397 2024 438 2059 et
479 2017 593 2074 quod
633 2018 822 2059 omnium
858 2018 1127 2073 potissimum
1164 2025 1239 2072 est,
1279 2019 1519 2060 nasciturae

28 2089 123 2129 spes
155 2081 271 2115 extat
299 2072 460 2128 prolis?
519 2073 636 2114 Dum
677 2074 789 2115 enim
830 2088 901 2115 eos
939 2074 1242 2127 eunuchizatis,
1282 2089 1367 2115 non
1405 2074 1518 2130 quod

27 2129 208 2182 illorum,
240 2130 315 2171 sed
347 2129 461 2184 quod
482 2136 673 2171 nostrum
695 2136 769 2182 est,
800 2128 957 2171 tollitis.
1015 2130 1130 2170 Num
1160 2130 1334 2185 inquam
1356 2144 1518 2171 armen-

27 2192 166 2226 torum
198 2200 271 2226 seu
301 2186 445 2225 ovium
476 2185 611 2240 copia,
642 2200 769 2240 quam
799 2185 903 2225 mihi
933 2185 1022 2226 dies
1052 2193 1149 2227 ante
1169 2185 1245 2227 hos
1271 2185 1517 2237 abstulistis,

26 2248 167 2283 vestra
196 2255 263 2282 me
295 2248 432 2281 castra
461 2240 579 2282 adire
611 2240 779 2295 coegit?
808 2240 1070 2282 Animalium
1101 2242 1260 2297 quippe
1287 2256 1396 2296 quae
1416 2241 1517 2282 mihi

25 2296 182 2338 fecistis
206 2296 429 2351 dispendia
448 2295 593 2348 laudo,
623 2296 828 2338 iacturam
850 2295 959 2337 hanc
979 2302 1151 2349 tantam,
1182 2303 1268 2338 tam
1290 2296 1517 2349 crudelem,

25 2358 198 2408 tamque
228 2350 619 2406 inrecuperabilem,
650 2351 788 2392 modis
819 2351 1016 2394 omnibus
1046 2352 1211 2406 horreo,
1246 2352 1375 2407 fugiO,
1406 2351 1515 2393 nolo.

28 2408 174 2450 Sancti
204 2407 272 2449 dei
303 2422 449 2449 omnes
480 2406 606 2449 talem
636 2421 661 2447 a
690 2422 758 2449 me
788 2408 963 2449 avertite
994 2407 1191 2464 pestem’!
1236 2408 1316 2449 His
1347 2406 1516 2460 auditis,

26 2503 55 2535 a)
79 2509 206 2528 suceusa
230 2505 257 2528 1.
339 2502 370 2535 b)
393 2503 498 2528 sonita
521 2504 547 2528 1.
631 2504 657 2535 c)
680 2505 839 2536 potestetis
863 2506 890 2529 1.

31 2588 66 2631 1)
86 2589 265 2631 Laudulfi,
285 2590 329 2622 cf.
349 2601 455 2633 supra
475 2591 511 2623 11
534 2601 563 2623 c.
585 2591 641 2622 51.
682 2591 735 2622 Ex
764 2590 985 2623 Constantini
1011 2591 1101 2622 libro
1130 2590 1173 2622 de
1195 2591 1394 2623 cerimoniis
1413 2589 1516 2622 aulae

27 2638 174 2679 Byzant.
190 2639 228 2670 II
249 2650 278 2671 c.
302 2639 348 2671 44
369 2638 419 2682 (p.
437 2639 504 2671 661
527 2639 581 2671 ed.
601 2638 749 2681 Reiske)
770 2639 956 2679 discimus,
976 2649 1009 2672 a.
1037 2640 1106 2671 935
1134 2638 1371 2681 Epiphanium
1399 2642 1517 2681 proto-

26 2687 243 2729 spatharium
270 2698 292 2719 a
318 2688 478 2720 Romano
504 2689 716 2730 imperatore
743 2688 778 2719 in
797 2687 940 2719 Italiam
968 2688 1112 2720 missum
1132 2698 1218 2727 esse,
1245 2690 1283 2719 ut
1301 2686 1516 2719 Landulfum

27 2739 61 2766 et
86 2734 289 2768 Atenulfum
315 2736 452 2777 fratres,
479 2737 697 2769 Waimarum
725 2740 760 2768 et
785 2736 981 2768 XVaifarum
1006 2736 1162 2778 itemque
1189 2736 1313 2767 fratres
1340 2734 1515 2777 aggrede-

28 2787 122 2816 retur
149 2794 341 2827 omnesque
368 2786 429 2828 qui
455 2795 476 2817 a
501 2784 571 2816 fide
594 2785 814 2827 imperatoris
849 2783 1053 2817 defecerant
1086 2784 1274 2816 subiceret.
1326 2783 1381 2816 Ad
1410 2794 1516 2826 quam

29 2831 289 2874 expeditionem
317 2844 360 2866 ea
387 2844 479 2876 quae
507 2837 631 2866 auctor
665 2836 784 2865 noster
811 2833 868 2864 hic
895 2837 1013 2865 narrat
1041 2843 1118 2865 cum
1146 2832 1310 2875 Koepkio
1337 2833 1515 2875 pertinere

29 2879 250 2913 crediderim.

1161 2948 1204 2978 ὓ.

1534 426 1602 452 935.

1535 1248 1583 1282 ‘p.
1600 1250 1666 1277 313.

1535 1980 1542 1989 '
1555 1982 1720 2010 testiculos.
