1845 3225
216 319 282 344 939.

147 360 221 384 Luc.
237 360 281 391 22,

162 398 212 424 33.
236 399 282 424 34.

150 771 201 804 'p.
215 772 280 797 324.

94 811 159 836 Ioh.
176 811 280 843 21,1ῖ.

295 200 339 230 94
503 199 805 231 LIUDPRANDI
831 199 1174 232 ANTAPODOSIS.
1225 200 1319 232 LIB.
1348 199 1409 231 IV.
1463 199 1618 232 26—27.

297 311 340 351 in
372 324 582 351 carcerem
613 316 653 351 et
682 311 725 349 in
755 317 933 351 mortem
967 310 1052 350 ire⁷.
1119 309 1199 351 Cui
1241 310 1454 351 dominus:
1515 309 1638 350 ‘Dico
1677 310 1779 363 tibi',

298 367 367 419 ait,
400 367 547 418 ‘Fen-e,
574 379 659 406 non
691 365 876 406 cantabit
905 365 947 404 in
977 365 1056 405 hac
1086 372 1209 406 nocte
1245 365 1395 420 gallus,
1434 366 1568 407 donec
1608 371 1670 406 ter
1707 367 1779 408 ab-

296 437 425 477 neges
456 435 579 461 nosse
609 422 700 461 me'.
761 419 798 461 O
837 427 980 460 sancte
1010 420 1145 472 Petre,
1176 421 1326 461 melius
1357 436 1485 477 quam
1515 427 1561 461 tu
1591 428 1631 462 te
1660 421 1779 463 novit

299 479 371 533 qui
411 477 511 518 fecit
548 482 601 519 te.
674 475 742 515 Tu
785 474 1008 530 profiteris,
1053 475 1409 529 quemadmodum
1454 483 1590 532 putas,
1635 491 1779 518 veram

295 534 440 584 fidem3
487 530 560 572 sed
598 530 671 586 qui
713 530 964 585 priusquam
994 529 1096 571 fiant
1125 531 1265 571 omnia
1292 532 1423 584 novit,
1467 539 1530 573 ter
1569 547 1613 573 se
1653 546 1780 586 nega-

295 598 437 630 turum
467 593 508 627 te
539 600 630 627 esse
660 585 857 640 predixit.
916 584 1057 626 Huius
1089 586 1246 641 quippe
1277 587 1505 629 sententiae.
1534 602 1619 628 non
1648 587 1779 629 inme-

295 658 399 695 mor,
452 656 549 682 cum
596 647 636 682 te
685 640 968 695 postmodum,
1018 655 1072 681 an
1121 656 1164 681 se
1209 640 1405 696 diligeres
1417 649 1446 694 ³,
1490 643 1778 698 interrogaret,

295 699 432 753 magis
462 697 542 752 ipsi
573 695 749 737 credens
780 710 907 752 quam
937 696 1027 749 tibi,
1072 711 1259 738 amorem
1288 704 1409 738 tuum
1438 697 1517 739 hac
1546 705 1781 753 temperata

294 753 588 809 responsione*
620 751 855 803 declarasti,
901 751 1063 793 dicens:
1107 752 1305 805 Domine,
1336 759 1383 793 tu
1413 754 1555 794 omnia
1580 755 1703 807 nosti,
1734 760 1781 795 tu

297 810 377 851 scis
409 809 509 864 quia
551 822 646 848 amo
686 814 739 849 te.
801 806 1070 848 Conscientia
1101 807 1273 863 quidem
1307 823 1402 849 mea
1441 807 1536 862 plus
1577 808 1708 863 diligo
1738 816 1780 850 te

297 879 424 921 quam
454 879 534 916 me,
564 864 646 904 nisi
676 864 776 919 quia
804 869 845 904 te
885 862 1099 918 diligendo
1138 862 1268 918 diligo
1299 878 1379 905 me.
1438 864 1593 905 Utrum
1622 871 1779 918 autem,
1826 877 1840 904 ·,

295 928 342 962 ut
372 919 580 969 existimo,
611 920 669 960 ita
699 933 789 960 sese
820 918 974 959 veritas
1013 918 1178 971 habeat,
1215 919 1306 973 ipse
1347 934 1474 974 quam
1514 934 1593 974 ego
1631 918 1781 961 melius
1836 918 1843 971 ’.ς

295 976 417 1027 nosti,
458 975 530 1030 qui
571 989 638 1015 me
679 981 724 1015 ut
760 988 895 1015 essem
935 974 1083 1026 fecisti,
1129 980 1170 1015 et
1207 980 1252 1015 ut
1296 981 1337 1015 te
1375 974 1593 1030 diligerem
1637 989 1781 1017 amore

295 1032 525 1073 iustissimo
555 1029 850 1070 inflammasti'.
910 1029 1028 1071 Bone
1059 1030 1199 1085 itaque
1230 1044 1319 1082 rex,
1355 1045 1440 1071 non
1470 1030 1522 1072 ob
1553 1038 1669 1072 tuam
1698 1031 1781 1072 1100

296 1087 370 1129 sed
401 1087 454 1128 ob
485 1086 749 1126 infirmorum
779 1092 922 1126 actum
953 1092 1017 1126 est
1052 1085 1192 1138 fidem,
1232 1086 1304 1141 qui
1333 1086 1555 1127 victoriam
1584 1100 1671 1127 non
1699 1086 1781 1127 nisi

295 1145 339 1184 in
381 1141 650 1183 multitudine
694 1148 845 1196 putant
885 1142 1113 1182 consistere
1154 1148 1195 1183 et
1231 1141 1436 1183 humanas
1472 1157 1540 1183 res
1579 1156 1664 1183 11011
1697 1142 1781 1184 nisi

293 1199 471 1240 fortuitu
500 1198 735 1251 provenire.
798 1197 966 1238 Scimus
997 1197 1120 1249 enim,
1160 1198 1259 1252 quia
1294 1204 1334 1238 et
1363 1198 1397 1238 si
1428 1212 1526 1239 cum
1556 1197 1645 1238 XII
1673 1197 1781 1239 mili-

294 1254 401 1296 bush
432 1252 671 1307 legionibus
707 1254 905 1293 transires
941 1266 990 1294 ac
1027 1253 1251 1293 victoriam
1290 1254 1512 1308 optineres,
1557 1268 1643 1294 non
1687 1267 1781 1295 eam

261 1314 262 1317 ’
294 1310 372 1351 tibi
402 1309 474 1350 sed
506 1307 675 1349 domino
707 1309 950 1362 imputares.
1028 1307 1085 1348 Et
1123 1307 1227 1349 haec
1257 1310 1364 1349 ratio
1402 1316 1476 1361 est,
1517 1308 1632 1364 quod
1668 1316 1709 1350 te
1738 1310 1783 1349 in

206 1608 278 1641 (11.)

295 1365 444 1421 paucis
476 1363 634 1405 orando
664 1362 798 1404 voluit
827 1364 1010 1416 vincere,
1041 1370 1088 1403 ut
1118 1370 1158 1405 et
1187 1365 1231 1404 in
1262 1379 1306 1405 se
1336 1370 1552 1418 sperantes
1583 1363 1639 1405 ad
1667 1378 1781 1405 amo-

294 1436 384 1462 rem
435 1420 500 1460 sui
544 1419 680 1473 magis
724 1419 987 1469 accenderet,
1032 1425 1084 1471 et,
1130 1425 1170 1460 te
1217 1426 1421 1474 quantum
1461 1418 1673 1474 diligeret,
1711 1434 1781 1460 110-

296 1476 526 1518 scientibus
556 1475 774 1516 indicaret.
836 1474 921 1515 Sed
951 1474 1016 1515 his
1056 1474 1264 1528 obmissis,
1305 1474 1358 1515 ad
1393 1475 1592 1515 narrandi
1630 1476 1782 1517 seriem

295 1532 516 1574 redeamus
528 1538 555 1572 0.

407 1599 473 1640 27.
532 1598 609 1639 Est
638 1599 682 1638 in
702 1597 899 1639 Alsaciae
929 1598 1122 1653 partibus
1145 1596 1375 1651 castellum,
1406 1598 1623 1640 Brisicaul
1644 1600 1781 1654 patrio

293 1654 500 1696 vocabulo
538 1661 842 1709 nuncupatum,
890 1653 1004 1709 quod
1049 1660 1089 1695 et
1132 1653 1304 1695 Rhenus
1346 1653 1581 1695 immodum
1617 1653 1781 1696 insulae

295 1711 483 1766 cingens,
513 1716 552 1751 et
581 1708 783 1751 naturalis
814 1710 908 1765 ipsa
937 1708 1018 1750 loci
1048 1709 1251 1764 asperitas
1274 1710 1420 1750 munit.
1465 1710 1515 1750 In
1535 1709 1616 1751 hoc
1636 1710 1780 1766 itaque

295 1781 467 1808 suorum
498 1766 769 1807 Heverardus
799 1772 997 1820 posuerat
1031 1765 1343 1806 multitudinem
1373 1764 1568 1818 militum,
1599 1780 1781 1821 quorum

292 1830 450 1864 terrore
480 1836 565 1862 non
596 1820 730 1862 solum
761 1835 959 1876 magnam
992 1820 1072 1862 sibi
1108 1827 1270 1876 partem
1309 1820 1495 1876 prefatae
1532 1821 1780 1875 provinciae

292 1877 558 1929 vendicabat,
609 1892 758 1919 verum
804 1877 929 1918 etiam
974 1876 1254 1917 circumcirca
1295 1877 1406 1931 regis
1446 1876 1592 1918 fideles
1628 1877 1780 1918 misere

292 1932 491 1975 laniabat.
549 1933 644 1974 Rex
675 1933 857 1988 denique
888 1933 1039 1984 bonus,
1079 1946 1163 1973 non
1195 1945 1304 1987 quae
1335 1946 1413 1972 sua
1442 1932 1517 1974 sed
1547 1947 1655 1988 quae
1686 1946 1780 1973 suo-

292 2004 388 2030 rum
430 1995 547 2030 erant
588 1988 872 2040 consideranS,
923 1987 1098 2029 collecto
1142 1988 1343 2040 exercitu,
1389 1988 1433 2028 in
1469 1987 1688 2041 Alsatiam,
1733 1993 1782 2029 ut

292 2044 503 2100 prefatum
547 2052 729 2085 castrum
774 2042 977 2096 obsideat,
1020 2043 1313 2098 proficiscitur.
1392 2042 1587 2100 Cumque
1630 2043 1780 2085 eodem

292 2101 565 2157 pervenisset,
603 2100 833 2151 Frederici,
872 2100 944 2155 qui
983 2113 1078 2140 cum
1119 2114 1167 2140 eo
1205 2106 1305 2140 tunc
1343 2098 1468 2140 simul
1497 2098 1654 2153 aderat,
1691 2099 1780 2141 Ma-

292 2156 491 2212 gontinae
513 2155 623 2196 sedis
644 2155 967 2211 archiepiscopi,
999 2154 1287 2196 exhortatione
1309 2155 1605 2210 episcoporum
1634 2168 1780 2210 quam-

292 2211 478 2268 plurimi,
509 2211 661 2253 defixis
691 2218 820 2252 noctu
850 2226 929 2267 per
967 2211 1108 2265 girum
1145 2211 1311 2252 amissis
1348 2211 1536 2252 tentoriis
1574 2217 1780 2267 ceperunt

292 2282 436 2323 regem
467 2267 658 2309 deserere
690 2266 882 2322 clamque
903 2267 957 2308 ad
983 2266 1174 2307 civitates
1194 2266 1386 2322 proprias
1406 2266 1551 2321 fugere
1566 2274 1593 2320 ²,
1623 2266 1779 2308 Frede-

292 2324 379 2364 rico
422 2338 518 2364 cum
555 2322 704 2364 eodem
743 2321 919 2364 subdole
956 2329 1241 2377 permanente.
1307 2321 1434 2374 Quod
1471 2322 1582 2377 regis
1621 2321 1778 2363 milites

294 2378 625 2431 considerantes,
686 2378 929 2419 huiusmodi
985 2392 1129 2432 regem
1178 2384 1276 2419 sunt
1325 2391 1517 2419 sermone
1567 2377 1776 2432 adgressi:

293 2498 322 2531 a)
346 2499 482 2530 diligires
507 2500 531 2524 1.
622 2497 651 2531 b)
676 2499 732 2523 XII
755 2498 875 2523 milibus
900 2500 924 2523 1.
950 2498 975 2523 2.
1000 2497 1026 2523 3.
1051 2497 1078 2523 5.
1112 2490 1169 2522 X‘fi
1192 2497 1245 2523 5a.
1270 2497 1430 2523 duodecim
1453 2495 1518 2523 5a⁸.
1609 2496 1636 2530 c)
1660 2498 1697 2523 ad
1719 2498 1781 2524 alia

294 2539 471 2564 festinemus
493 2538 520 2563 5.
544 2538 596 2563 5a.
621 2537 685 2563 5a'.

295 2636 331 2679 1)
359 2638 517 2677 Brisaca,
545 2638 807 2671 Alt-Breisaeh.
840 2636 1063 2669 Vocabulum
1092 2637 1186 2678 quod
1212 2637 1417 2678 provinciae
1445 2641 1508 2677 est,
1536 2647 1600 2680 per
1626 2647 1778 2670 errorem

291 2686 541 2728 Liudprandus
569 2686 699 2729 oppido
735 2687 912 2728 assignat,
938 2689 976 2718 ut
1010 2685 1113 2717 homo
1146 2685 1270 2718 Italus.
1372 2683 1409 2726 2)
1447 2685 1501 2718 Cf.
1535 2685 1626 2717 infra
1661 2696 1692 2718 c.
1721 2686 1778 2727 31,

291 2734 501 2767 widukind.
529 2735 567 2766 II
596 2746 625 2768 c.
655 2735 710 2776 24,
738 2735 877 2767 Contin.
904 2735 1030 2776 Regin.
1058 2734 1144 2767 939.
1175 2735 1231 2766 De
1257 2733 1440 2766 Friderieo
1469 2738 1503 2767 et
1531 2733 1573 2766 de
1598 2733 1778 2767 Rothardo

291 2783 583 2824 Argentoratensi
623 2785 789 2827 episcopo
827 2783 1069 2816 tantummodo
1111 2787 1266 2823 constat,
1307 2793 1365 2815 eos
1403 2782 1493 2815 clam
1530 2787 1644 2816 castra
1678 2783 1778 2825 regia

293 2831 504 2864 deseruisse.
