1902 3200
264 240 565 273 LIUDPRANDI
591 237 935 271 ANTAPODOSIS.
987 240 1079 272 LIB.
1107 241 1174 273 ΙΙΙ.
1227 242 1357 275 8-12.
1506 245 1549 276 59

69 349 178 391 inter
208 364 298 391 sese
329 349 546 390 dissidere.
605 349 707 389 Zelo
739 349 898 404 quippe
934 362 1019 389 non
1046 350 1212 390 modico
1243 359 1416 406 propter
1445 352 1550 394 Her·
1565 371 1631 397 925.

68 405 323 460 mengardae
366 403 694 460 pulcritudinem
745 406 866 445 iuxta
921 404 1057 445 carnis
1108 405 1233 445 huius
1284 406 1550 460 putredinem

68 460 354 511 trahebantur,
386 473 434 500 eo
466 458 579 514 quod
609 474 659 500 ea
688 467 881 515 stuprum
919 458 1010 500 aliis
1047 458 1263 514 prebebat,
1306 460 1397 501 aliis
1428 461 1550 503 dene-

67 514 209 569 gabat.
266 514 395 556 Unde·
419 514 577 555 factum
608 522 684 567 est,
725 523 771 556 ut
804 514 999 569 predives
1029 514 1356 556 Mediolanensis
1393 516 1550 558 archie-

67 570 267 625 piscopus
305 568 580 625 nonnullique
619 569 689 610 alii
736 571 848 625 regis
888 569 1057 611 Rodulfi
1103 569 1295 624 partibus
1339 570 1549 623 faverent,

68 638 165 665 cum
209 624 530 680 Hermengarda
574 640 675 666 vero
720 633 780 667 tot
825 625 949 665 simul
993 625 1168 667 rebelles
1206 626 1392 677 aderant,
1437 627 1550 682 quod

29 712 31 714 .
66 680 204 735 ipsam
234 681 361 722 etiam
390 681 509 735 regni
541 688 670 736 caput
699 681 876 736 Papiam
912 682 1002 736 regi
1041 696 1125 722 non
1161 681 1382 722 inviriliter
1411 682 1550 737 prohi-

66 734 225 777 berent.

178 804 216 844 9.
274 803 455 844 Factum
486 811 548 845 est
577 810 732 857 autem,
772 810 819 844 ut
848 819 923 845 rex
953 803 1161 845 Rodulfus
1193 803 1377 845 collectis
1418 805 1550 859 copiis

65 858 243 914 Papiam
273 858 473 900 tenderet.
536 858 866 900 Castrametatus
896 874 997 900 vero
1041 858 1219 901 miliario
1260 859 1313 900 ab
1346 860 1462 911 urbe,
1501 875 1550 902 eo

66 915 111 954 in
154 913 247 955 loco
293 929 376 970 quo
421 914 594 955 Ticinus
639 914 763 955 simul
806 928 1070 970 magnusque
1110 915 1178 956 ille
1218 915 1361 957 Padus
1400 930 1552 957 conve-

66 970 200 1022 niunt,
231 995 286 1000 —
316 970 358 1010 in
388 971 509 1010 cuius
539 970 658 1010 Maro
690 971 749 1011 sic
779 969 976 1011 laudibus
1008 972 1159 1023 canit1,

178 1025 438 1066 ‘Fluviorum
457 1040 533 1066 rex
559 1025 832 1077 Heridanus'3
1059 1027 1244 1081 itemque
1255 1033 1269 1053 ²

178 1080 397 1135 ‘Corniger
426 1081 713 1134 Hesperidum
742 1080 896 1121 fluvius
926 1088 1125 1134 regnator
1153 1083 1385 1136 aquarum’,
1417 1107 1467 1112 —-

65 1134 401 1191 Hermengarda,
451 1143 498 1177 ut
540 1150 626 1176 non
674 1135 882 1188 incallida,
932 1135 1115 1177 Rodulfo
1165 1136 1255 1191 regi
1306 1135 1550 1177 huiusmodi

65 1197 193 1232 noctu
223 1206 298 1246 per
327 1192 548 1232 memorati
580 1190 746 1232 alveum
776 1190 897 1231 fluvii
928 1191 1128 1232 mandata
1157 1191 1420 1232 transmittit:

178 1258 243 1302 10.
303 1258 362 1300 ‘Si
393 1265 433 1300 te
463 1259 639 1314 perdere
668 1257 832 1308 vellem,
877 1259 960 1298 iam
997 1258 1124 1314 longo
1165 1274 1219 1300 ex
1258 1267 1447 1314 tempore
1479 1275 1550 1301 ex-

63 1313 220 1354 tinctus
251 1329 378 1355 esses.
437 1315 519 1356 Tui
550 1315 709 1370 quippe
740 1329 885 1355 onmes
906 1322 947 1355 te
969 1315 1159 1356 deserere
1181 1329 1334 1370 meque
1355 1315 1551 1357 ardenter

63 1368 194 1422 adire,
226 1370 261 1410 si
290 1385 432 1412 meum
463 1370 588 1411 modo
619 1370 729 1411 adsit
758 1369 877 1422 velle,
909 1370 1181 1412 contendunt.
1250 1372 1300 1412 In
1340 1370 1404 1411 his
1436 1372 1547 1412 enim

64 1439 108 1465 es
137 1424 252 1477 locis,
282 1427 326 1466 in
386 1426 510 1468 uibus
551 1432 699 1481 captus
728 1426 981 1481 vinctusque
1022 1441 1147 1478 esses,
1189 1427 1223 1467 si
1263 1441 1409 1468 eorum
1446 1428 1547 1467 iam-

64 1479 226 1522 dudum
257 1441 438 1523 consiliis
479 1482 739 1537 paruissem'.
808 1480 983 1523 Talibus
1022 1497 1099 1522 rex
1136 1481 1419 1536 legationibus
1464 1497 1549 1523 non

64 1534 200 1577 solum
243 1537 439 1578 credulus
479 1552 630 1578 verum
670 1537 796 1577 etiam
835 1539 1017 1589 territus,
1061 1538 1221 1578 nuntiis
1260 1539 1457 1590 remissis,
1504 1553 1547 1579 se

64 1593 261 1633 acturum
315 1593 518 1649 quicquid
557 1607 606 1634 ea
645 1592 891 1644 consuleret,
937 1593 1213 1635 remandavit.
1283 1594 1371 1634 Nec
1416 1607 1547 1645 mora,

63 1648 257 1703 sequenti
286 1656 409 1690 nocte
438 1664 514 1690 rex
544 1647 752 1689 Rodulfus
793 1647 900 1689 clam
942 1648 1203 1701 custodibus,
1247 1648 1429 1690 dimissis
1462 1663 1547 1689 om-

63 1701 202 1756 nibus,
234 1703 407 1745 dimisso
437 1705 629 1755 tentorio,
660 1702 768 1745 lecto
800 1705 927 1745 etiam
956 1703 1064 1745 bene
1108 1706 1339 1759 conposito,
1379 1704 1546 1746 lintrem

62 1758 277 1814 ingressus
309 1773 408 1800 suos
440 1760 637 1812 deseruit,
668 1765 794 1814 atque
825 1759 878 1800 ad
895 1759 1264 1814 Hermengardam
1296 1761 1547 1816 quantocius

62 1815 306 1869 properavit
315 1821 343 1855 ³.

178 1883 241 1922 11.
300 1882 436 1937 Igitur
464 1896 587 1923 mane
615 1881 738 1933 facto,
769 1895 923 1936 magno
954 1896 1050 1922 cum
1078 1881 1241 1924 silentio
1263 1884 1374 1937 regis
1396 1882 1548 1924 milites

63 1939 290 1979 tentorium
334 1938 579 1979 circuibant.
652 1937 932 1978 Venientibus
974 1952 1074 1978 vero
1127 1939 1409 1993 principibus,
1463 1953 1548 1979 non

63 2006 198 2048 parva
225 1994 333 2035 inter
362 2008 433 2035 eos
463 1992 685 2034 admiratio
716 1999 816 2045 erat,
862 2007 936 2033 cur
965 1992 1132 2034 insolito
1163 2009 1240 2035 rex
1270 1994 1373 2035 hora
1403 1994 1546 2035 huius-

62 2048 180 2090 modi
218 2049 474 2091 dormitaret.
544 2048 737 2104 Cumque
778 2049 966 2103 strepitu,
998 2057 1044 2091 ut
1081 2049 1291 2104 spadones
1332 2050 1546 2104 quondam
1563 2065 1630 2090 Iud.
1657 2066 1701 2090 14.

62 2103 357 2158 Holofernem,
407 2104 605 2159 evigilare
653 2105 905 2156 niterentur,
955 2104 1141 2155 nullum,
1189 2105 1547 2161 quemadmodum

61 2161 186 2214 ipse*,
219 2162 388 2201 omnino
419 2160 547 2201 dabat
574 2174 836 2215 responsum.
895 2160 1213 2201 Introeuntibus
1243 2169 1384 2203 autem
1416 2168 1573 2203 tent0-·
1597 2182 1716 2207 ..Q-nicet

61 2216 173 2256 rium
201 2215 413 2272 nichilque
443 2215 793 2271 repperientibus,
825 2224 995 2272 raptum
1026 2217 1137 2257 hunc
1166 2216 1249 2270 alii,
1280 2216 1548 2258 interfectum
1565 2221 1736 2247 010f⁹r1²0⁵·

62 2270 133 2312 alii
163 2271 447 2315 clamitabant.
511 2272 646 2313 Nemo
688 2278 842 2323 tamen,
884 2272 997 2327 quod
1037 2272 1254 2327 transfuga
1292 2273 1423 2325 fieret,
1464 2272 1547 2313 ullo

62 2327 188 2368 modo
219 2327 552 2369 animadvertere
583 2333 760 2382 poterat.
820 2327 979 2368 Verum
1011 2328 1089 2368 hac
1128 2327 1230 2368 dmn
1271 2328 1547 2370 admiratione

62 2382 329 2436 fluctuarent,
359 2383 532 2424 nuntius
562 2384 678 2424 venit
709 2383 782 2438 qui
803 2382 971 2435 diceret,
1002 2383 1232 2424 Rodulfum
1253 2399 1398 2440 regem
1421 2399 1548 2439 super

64 2453 135 2480 eos
166 2453 264 2479 cum
293 2438 546 2480 adversariis
577 2453 723 2479 eorum
760 2437 867 2479 velle
906 2440 1078 2480 irruere.
1148 2440 1235 2492 Qui
1264 2455 1365 2481 mox
1405 2441 1545 2480 animo

65 2496 332 2547 consternati,
377 2501 463 2535 tam
494 2494 619 2535 celeri
649 2501 853 2549 ceperunt
880 2494 982 2550 fuga
1011 2494 1240 2548 discedere,
1281 2504 1327 2538 ut
1357 2510 1440 2536 non
1471 2496 1546 2536 hos

64 2564 244 2603 currere,
276 2550 362 2603 sed,
395 2551 429 2591 si
458 2550 637 2603 videres,
669 2550 830 2591 diceres
861 2550 1133 2591 transvolare.

178 2618 241 2659 12.
303 2617 497 2674 Cumque
537 2617 854 2670 Mediolanium,
909 2625 1047 2659 tutum
1086 2618 1245 2659 scilicet
1293 2618 1347 2658 ad
1392 2617 1545 2670 locum,

63 2674 365 2728 pervenissent,
420 2688 630 2716 consensu
669 2674 922 2728 Lampertus
967 2673 1312 2729 archiepiscopus
1360 2674 1546 2715 onmium

66 2782 101 2821 1)
127 2782 236 2823 Verg.
265 2783 392 2825 Georg.
420 2784 448 2822 Ι,
476 2782 558 2815 482.
635 2782 671 2815 2)
699 2782 806 2824 Verg.
834 2782 922 2813 Aen.
946 2782 1046 2820 VIII,
1077 2782 1132 2813 77.
1209 2782 1247 2823 3)
1275 2782 1547 2824 Hermingardis

64 2829 295 2863 ‘nobilissima
329 2830 403 2874 (vel
437 2829 578 2873 inclita)
615 2831 802 2863 comitissa*
837 2831 989 2862 occurrit
1024 2831 1059 2861 in
1101 2830 1236 2863 duobus
1273 2830 1413 2863 Rodulfi
1452 2832 1546 2874 regis

65 2877 326 2921 diplomatibus.
