1902 3200
459 254 761 287 LIUDPRANDI
786 254 1010 287 LEGATIO.
1064 256 1218 288 56-58.
1518 260 1582 291 161

102 373 222 407 runt:
253 366 426 419 ‘Papam
456 369 644 404 vestrum
673 362 912 418 imperiales
943 363 1130 418 recipere
1160 364 1330 417 litteras,
1361 368 1582 422 indignum
1597 366 1665 396 9⁶⁸·

103 436 194 462 esse
224 420 526 470 diiudicamus3
569 418 694 459 mittit
728 424 869 459 autem
907 416 965 458 illi
1006 418 1281 472 coropalates,
1317 421 1582 476 imperatoris

101 475 239 526 frater,
269 489 353 519 non
382 488 458 528 per
488 486 586 513 suos
616 487 823 528 pauperes
854 473 1035 525 nuntios,
1068 473 1141 514 scd
1172 489 1248 529 per
1278 482 1317 516 te
1347 476 1582 530 epistolam,

101 545 145 572 se
176 530 274 571 satis
305 528 490 583 dignam,
522 534 566 569 ut
596 528 676 569 nisi
705 528 949 583 resipuerit,
991 528 1180 570 funditus
1219 544 1263 570 sc
1303 531 1478 585 periisse
1518 546 1583 573 co-

98 583 313 641 gnoverit'.

210 640 277 680 57.
336 638 459 679 Hanc
491 653 588 679 cum
618 639 890 693 accepissem,
929 637 1021 679 vale
1052 638 1154 679 mihi
1185 639 1384 690 dicentes,
1415 641 1582 683 dimise-

97 701 207 747 runt,
249 693 393 734 oscula
431 693 654 749 prebentes
697 694 796 734 satis
837 693 1044 746 iucunda,
1083 695 1183 735 satis
1224 695 1435 737 amabilia.
1497 697 1582 738 Sed

97 749 199 791 dum
230 749 481 802 recederem,
511 748 762 803 legationem
792 748 893 788 mihi
923 763 1007 789 non
1037 763 1116 800 me,
1149 749 1221 790 sed
1253 749 1331 791 illis
1363 752 1461 792 satis
1484 752 1582 793 diri-

96 810 202 860 gtmt
231 804 423 859 dignam,
464 802 622 845 scilieet
653 803 766 858 quod
796 803 897 844 mihi
928 803 1005 844 soli
1036 805 1226 859 meisque
1257 820 1388 861 equos
1421 806 1580 859 darent,

97 860 269 901 sarcinis
304 859 489 911 nullum,
536 860 680 914 sicque
720 859 866 911 nimis,
913 865 958 900 ut
998 874 1063 900 res
1104 859 1328 915 poscebat,
1375 861 1579 915 turbatus,

97 916 320 968 διασώστῃ,
365 915 407 955 id
447 920 510 955 est
547 914 710 955 ductori
751 929 856 967 meo,
904 915 1213 969 quinquaginta
1251 930 1476 958 aureorum
1514 933 1579 959 res

94 971 229 1026 pretio
260 970 369 1011 dedi.
428 970 483 1010 Et
513 984 610 1010 eum
640 984 724 1010 non
754 969 963 1022 haberem,
997 970 1109 1024 quod
1140 985 1215 1025 pro
1248 971 1477 1013 malefactis
1509 973 1579 1013 Ni-

95 1026 277 1081 eephoro
308 1032 409 1066 tunc
439 1024 670 1077 redderem,
708 1024 784 1065 hos
816 1025 858 1065 in
889 1025 1048 1080 pariete
1078 1026 1247 1066 ‘sn-sisae
1280 1026 1429 1068 demus
1462 1043 1579 1070 meae

93 1087 135 1123 et
164 1082 208 1122 in
238 1095 382 1122 mensa
410 1079 548 1134 lignea
579 1079 808 1121 versiculos
840 1080 1009 1134 scripsi:

202 1135 450 1190 Argolicum
480 1150 564 1175 non
593 1141 683 1176 tuta
706 1135 833 1185 fides,
868 1135 1014 1190 procul
1037 1141 1138 1188 esto,
1161 1135 1324 1188 Latine,
1384 1137 1577 1179 Versusa.

202 1190 397 1242 Credere,
428 1204 506 1231 nec
537 1196 721 1231 mentem
751 1189 890 1231 verbis
920 1188 1120 1232 adli‘ibere
1152 1193 1382 1233 memento!

203 1246 383 1287 Vincere
414 1245 515 1286 dum
545 1246 690 1300 possit,
722 1260 849 1300 quam
881 1252 1022 1287 sancte
1053 1246 1213 1301 peierat
1244 1247 1406 1301 Argos!

201 1301 410 1342 Marmore
441 1315 549 1356 quae
579 1301 695 1342 vario
727 1302 892 1355 magnis
923 1308 1039 1356 patet
1067 1300 1151 1343 alta
1181 1301 1385 1355 fenestris,

149 1368 169 1400 5
203 1356 323 1398 Haec
354 1357 560 1411 inaquosa
589 1356 752 1408 domus,
785 1355 983 1397 concluso
1014 1357 1160 1411 pervia
1191 1356 1281 1410 soli,

202 1412 379 1467 Frigora
410 1412 654 1466 suscipiens,
685 1418 848 1452 aestum
878 1425 956 1452 nec
986 1427 1109 1453 saeva
1140 1411 1362 1467 repellens,

199 1466 347 1508 Presul
377 1468 429 1508 ab
461 1467 650 1507 Ausonia
679 1467 977 1522 Liudprandus
1008 1468 1048 1507 in
1080 1467 1184 1509 urbe
1217 1467 1439 1521 Cremona,

203 1521 611 1577 Constantinopolim
642 1523 758 1577 pacis
789 1522 1003 1577 profectus
1033 1538 1188 1575 amore,

202 1577 412 1629 Quattuor
441 1578 610 1618 aestivis
643 1576 872 1618 concludor
901 1577 1117 1619 mensibus
1149 1579 1255 1620 istic.

120 1644 168 1677 10
198 1632 478 1688 Induperator
507 1633 618 1673 enim
649 1633 805 1674 Bareas
836 1633 1137 1674 conscenderat
1168 1632 1281 1685 Otto,

200 1687 341 1730 Caede
373 1687 496 1728 simul
525 1687 791 1743 flammisque
822 1689 902 1730 sibi
931 1688 1023 1729 loca
1054 1687 1234 1730 subdere
1266 1695 1488 1744 temptans,

199 1743 283 1785 Sed
314 1743 511 1799 precibus
542 1744 701 1784 remeat
730 1744 942 1784 Romanas
971 1744 1106 1784 victor
1135 1743 1189 1784 ad
1219 1745 1344 1786 urbes

197 1799 302 1840 Inde
333 1800 448 1840 meis.
506 1798 671 1839 Nurum
700 1799 892 1854 promisit
922 1798 1103 1840 Graecia
1134 1798 1331 1851 mendax,

198 1854 318 1906 Quae
348 1869 425 1895 nec
454 1861 550 1895 nata
581 1854 700 1906 foret,
730 1869 807 1895 nec
837 1869 904 1895 me
934 1854 1098 1895 venisse
1128 1853 1301 1907 doleret,

120 1920 164 1953 15
197 1909 286 1951 Nee
314 1909 487 1962 rabiem,
517 1909 769 1965 Nicephore,
800 1916 917 1950 tuam
947 1909 1208 1965 perpendere
1240 1910 1416 1965 quirem,

195 1965 441 2020 Privignam
471 1963 669 2020 prohibes
701 1965 774 2020 qui
805 1972 903 2006 nato
933 1965 1108 2020 iungere
1138 1964 1270 2006 herili.

196 2021 393 2062 Imminet
423 2035 520 2062 ecce
552 2020 653 2073 dies,
684 2021 823 2061 Furiis
855 2021 1098 2075 compulsus
1128 2021 1306 2073 acerbis,

196 2076 251 2116 Ni
281 2076 385 2116 deus
415 2082 586 2129 avertat,
616 2083 704 2117 toto
733 2076 848 2116 Mars
878 2077 1036 2117 saeviet
1067 2075 1181 2128 orbe,

198 2130 383 2172 Crimine
412 2145 581 2186 paxque
611 2136 684 2172 tuo
716 2131 877 2172 cunctis
907 2132 1092 2187 optanda
1121 2130 1279 2172 silebit!

196 2190 262 2231 58.
307 2191 387 2232 His
418 2191 665 2246 conscriptis
687 2189 894 2243 versibus,
923 2198 1041 2233 sexto
1067 2191 1210 2232 Nonas
1240 2190 1438 2233 Octobris
1466 2190 1567 2233 hora
1582 2200 1648 2226 Oct·
1673 2202 1700 2227 2-

83 2246 260 2299 decima,
291 2261 345 2288 ex
374 2245 444 2287 illa
474 2246 687 2302 quondam
719 2245 1037 2302 opulentissima
1058 2253 1099 2288 et
1118 2246 1423 2299 florentissima,
1455 2261 1566 2288 nunc

82 2300 288 2354 famelica,
319 2302 500 2356 periura,
537 2301 751 2355 mendace,
789 2301 946 2356 dolosa,
986 2317 1161 2357 rapace,
1207 2301 1383 2358 cupida,
1426 2317 1565 2355 avara,

83 2356 303 2398 cenodoxa
333 2358 500 2398 civitate
532 2372 629 2397 cum
660 2357 842 2398 diasoste
877 2371 971 2399 meo
1007 2357 1129 2399 lintre
1169 2373 1376 2413 egressus,
1415 2357 1564 2399 diebus

83 2411 364 2468 quadraginta
393 2418 434 2454 et
462 2426 626 2466 novem,
657 2412 873 2465 asinando,
903 2412 1171 2465 ambulando,
1203 2413 1442 2468 equitando,
1464 2413 1654 2454 ieiu-Nov.
1679 2422 1728 2448 20.

82 2467 235 2521 nando,
265 2467 456 2521 sitiendo,
477 2468 740 2523 suspirando,
760 2467 912 2521 flendo,
933 2468 1141 2524 gemendo
1162 2469 1431 2524 Naupactum
1454 2468 1562 2520 veni,

84 2537 192 2578 quae
222 2529 284 2564 est
304 2522 556 2579 Nicopoleos
587 2524 747 2577 civitas,
779 2524 821 2564 in
852 2538 936 2579 qua
965 2524 1169 2565 diasostes
1199 2538 1319 2564 meus
1350 2539 1415 2565 me
1447 2522 1563 2564 desc-

81 2593 190 2630 rens,
219 2577 385 2619 duabus
416 2580 557 2634 parvis
588 2579 831 2635 impositum
861 2579 1055 2631 navibus,
1093 2578 1260 2620 duobus
1291 2594 1356 2619 me
1393 2577 1562 2620 manda-

83 2684 114 2717 a)
139 2693 228 2710 vocem
250 2687 387 2717 suppleri.

86 2774 117 2813 1)
145 2773 279 2806 Leonis
306 2773 459 2806 Diaconi
493 2775 574 2807 hist.
604 2775 634 2807 V
662 2785 692 2808 c.
724 2775 753 2807 1.
784 2774 823 2805 S:
870 2769 960 2818 ἀνὴρ
997 2769 1142 2817 ἀνδρείᾳ.
1180 2772 1236 2805 καί
1275 2769 1437 2815 σώματος
1474 2768 1574 2816 ῥώμῃ

81 2819 201 2854 πᾶσαν
237 2817 410 2865 ἀδηρίτως
442 2817 663 2866 ὑπερβαίνων
693 2819 754 2866 τὴν
786 2823 857 2854 κατ’
892 2818 999 2854 αὑτὸν
1027 2817 1158 2862 γενεὰν,
1195 2817 1491 2866 ἐμπειρότατόςτε
1518 2820 1576 2853 καὶ

82 2864 360 2913 δραστικώτατος
386 2866 428 2902 τὰ
454 2869 620 2914 πολέμηιας
650 2872 778 2914 Georg.
808 2869 1033 2903 Hamartolos
1062 2869 1118 2902 ed.
1147 2869 1278 2901 Muralt
1304 2880 1338 2912 p.
1366 2868 1449 2902 860.

1223 2936 1261 2965 11
