1878 3201
257 319 453 347 941.mare
482 306 705 361 proiciunt,
737 305 979 360 eliguntque
1008 306 1150 360 potius
1181 304 1305 346 undis
1334 305 1550 360 submergi
1572 320 1697 361 quam
1717 306 1815 361 igne
1873 315 1875 319 ⁴

185 358 254 382 ¹¹¹¹*
279 359 325 383 ¹¹·
340 361 529 402 cremari.
587 360 673 401 Alii
702 368 801 401 tunc
829 360 970 401 loricis
996 368 1036 402 et
1063 361 1194 415 galeis
1216 363 1387 413 onerati,
1416 375 1648 416 numquam
1668 362 1813 414 visuri,

338 417 424 456 ima
453 416 594 471 pelagi
623 422 791 470 petunt3
822 415 1011 456 nonnulli
1040 430 1140 456 vero
1170 422 1373 469 natantes,
1408 416 1516 457 inter
1544 417 1658 471 ipsos
1688 417 1816 458 maris

339 471 493 512 fluctus
523 478 713 523 uruntur,
743 470 965 526 nullusque
1003 470 1071 510 die
1100 470 1171 510 illa
1201 472 1344 523 evasit,
1385 472 1457 526 qui
1494 471 1595 526 fuga
1632 486 1722 512 sese
1761 471 1817 512 ad
1856 469 1870 511 ἐξ

339 533 494 568 terram
524 540 609 566 non
637 525 844 567 liberavit.
903 526 1114 565 Rusorum
1145 526 1297 567 etenim
1317 541 1458 579 naves,
1489 527 1542 568 ob
1563 527 1816 582 parvitatem
1863 511 1878 573 ξ

341 582 418 634 sui,
449 582 523 623 ubi
552 594 688 636 aquae
717 581 939 621 minimum
970 588 1034 621 est
1060 587 1290 633 transeunt,
1322 581 1435 636 quod
1467 581 1701 624 Grecorum
1722 582 1816 623 che·
1862 579 1878 632 Ξ

240 636 507 678 Sept-landiaa
539 636 591 678 ob
621 635 948 690 profunditatem
979 636 1043 676 sui
1073 635 1210 677 facere
1246 644 1461 691 nequeunt
1474 645 1501 677 1.
1567 637 1725 692 Ingerb
1755 637 1816 677 in-
1870 666 1878 690 .·.

339 693 455 747 genti
486 706 582 732 cum
613 691 886 732 confusionec
916 691 1188 746 postmodum
1225 691 1279 731 ad
1307 693 1481 746 propria
1500 700 1564 734 est
1582 699 1816 734 reversus2.
1864 694 1878 731 -ἓ

341 748 470 788 Greci
512 760 612 787 vero
656 747 831 787 victoria
873 746 1008 801 potiti,
1052 747 1174 787 vivos
1220 760 1363 787 secum
1405 746 1559 788 multos
1603 748 1816 801 ducentes,
1862 742 1878 792 ᾗ

341 801 751 856 Constantinopolim
776 802 955 855 regressi
986 807 1082 842 sunt
1110 801 1221 843 laeti.
1279 801 1397 853 Quos
1428 816 1572 843 omnes
1591 802 1818 856 Romanos,
1859 792 1878 870 {²

338 858 381 898 in
410 858 623 912 presentia
656 858 768 912 regis
807 857 1004 912 Hugonis
1042 857 1190 910 nuntii,
1230 857 1371 898 vitrici
1415 857 1573 899 scilicet
1606 859 1702 911 mei,
1748 857 1818 899 de·
1858 859 1878 917 'g

338 912 490 954 collare
520 913 723 968 precepit.
1865 917 1878 965 ⁴3

269 978 322 1011 (7.)
454 969 517 1010 16.
560 968 654 1009 Rex
682 969 825 1023 itaque
854 968 983 1022 Hugo
1014 974 1268 1022 congregato
1290 968 1489 1020 exercitu,
1519 967 1723 1009 classibus
1742 982 1821 1023 per

257 1019 563 1065 942·Tirrenum
607 1038 722 1064 mare
766 1023 821 1063 ad
864 1024 1140 1064 Fraxinetum
1184 1023 1366 1075 directis,
1410 1025 1595 1064 terrestri
1638 1024 1730 1079 ipse
1769 1029 1816 1065 66
1872 1031 1878 1070 ’ξ

337 1080 485 1121 itinere
522 1080 671 1134 pergit.
741 1079 836 1130 Quo
878 1078 978 1119 dum
1019 1078 1146 1120 Greci
1184 1079 1464 1134 pervenirent,
1502 1079 1600 1133 igne
1628 1079 1819 1134 proiecto

339 1135 669 1176 Sarracenorum
711 1149 841 1175 naves
890 1149 991 1174 mox
1040 1149 1183 1175 omnes
1233 1141 1417 1175 exurunt
1428 1140 1455 1174 3.
1530 1133 1615 1175 Sed
1658 1140 1700 1174 et
1741 1148 1819 1174 rex

337 1191 613 1232 Fraxinetum
643 1190 871 1244 ingressus,
903 1191 1160 1231 Sarracenos
1182 1204 1326 1230 omnes
1350 1190 1392 1229 in
1414 1196 1599 1231 montem
1619 1189 1817 1230 Maurum

337 1246 482 1301 fugere
522 1245 745 1300 compulit,
789 1246 833 1285 in
870 1259 952 1300 quo
994 1260 1064 1286 eos
1105 1244 1450 1286 circumsedendo
1479 1253 1633 1299 *capere
1661 1251 1818 1301 posset,

338 1302 373 1341 si
402 1315 470 1341 res
498 1300 589 1349 hec,
621 1315 748 1355 quam
778 1307 1049 1355 prompturus
1080 1315 1186 1353 sum,
1215 1315 1300 1341 non
1328 1299 1566 1355 impediret.

452 1356 517 1397 17.
563 1357 657 1397 Rex
698 1356 825 1410 Hugo
866 1356 1189 1410 Berengarium,
1228 1371 1281 1396 ne
1320 1355 1504 1396 collectis
1546 1371 1600 1396 ex
1637 1356 1819 1396 Francia

338 1418 378 1453 et
408 1426 462 1452 ex
493 1411 649 1452 Suevia
669 1412 803 1466 copiis
823 1426 952 1466 super
978 1426 1021 1452 se
1042 1411 1220 1452 irrueret
1238 1425 1504 1465 regnumque
1525 1411 1605 1451 sibi
1625 1411 1818 1465 auferret,

337 1466 522 1507 maxime
550 1467 703 1507 timuit.
770 1466 895 1508 Unde
934 1481 1018 1506 non
1057 1466 1167 1507 bono
1209 1473 1385 1521 accepto
1428 1464 1615 1519 consilio,
1654 1465 1816 1507 Grecos

336 1521 392 1562 ad
420 1522 594 1578 propria
622 1536 724 1562 mox
752 1522 930 1573 remisit,
963 1522 1138 1577 ipseque
1170 1535 1264 1561 cum
1297 1521 1517 1562 Saracenis
1547 1521 1625 1562 hac
1654 1522 1815 1563 ratione
1850 1542 1853 1544 >

336 1578 485 1618 foedus
515 1578 621 1630 iniit,
652 1584 699 1619 ut
727 1578 771 1618 in
800 1577 1014 1618 montibus
1052 1578 1125 1632 qui
1156 1577 1357 1618 Sueviam
1395 1584 1523 1631 atque
1561 1575 1727 1618 Italiam
1757 1576 1817 1618 di-

336 1633 487 1674 vidunt
526 1640 704 1685 starent3
747 1638 794 1673 ut
833 1634 867 1673 si
909 1633 1014 1674 forte
1058 1633 1340 1687 Berengarius
1384 1633 1617 1673 exercitum
1661 1632 1818 1674 ducere

336 1688 476 1740 vellet,
506 1689 682 1730 transire
722 1704 819 1730 eum
859 1688 1111 1729 omnimodis
1151 1686 1433 1743 prohiberent.
1497 1687 1562 1728 Εό
1593 1702 1693 1729 vero
1724 1701 1820 1729 con-

336 1745 482 1796 stituti,
515 1758 642 1798 quam
672 1743 827 1785 multos
857 1743 1179 1784 christianorum
1209 1743 1263 1784 ad
1290 1742 1511 1784 beatorum
1531 1742 1819 1797 apostolorum

336 1800 451 1841 Petri
482 1807 522 1840 et
551 1799 674 1840 Pauli
701 1799 848 1840 limina
881 1799 1188 1840 transeuntium
1229 1799 1474 1853 sanguinem
1512 1798 1708 1852 fuderint,
1746 1798 1817 1840 ille

337 1854 449 1895 solus
480 1855 560 1896 scit
587 1869 823 1901 numerum,
856 1856 928 1910 qui
958 1869 1102 1896 eorum
1131 1854 1303 1894 nomina
1332 1855 1490 1909 scripta
1515 1860 1629 1895 tenet
1647 1854 1691 1894 in
1709 1853 1816 1896 libro

334 1910 580 1951 viventium.
640 1911 780 1962 Quam
814 1911 957 1966 inique
996 1909 1074 1950 tibi
1112 1924 1189 1950 rex
1217 1909 1347 1964 Hugo
1385 1924 1562 1964 regnum
1592 1908 1817 1951 defendere

337 1966 524 2006 conaris!
575 1965 781 2017 Herodes,
824 1981 877 2007 ne
916 1973 1080 2006 terreno
1116 1979 1247 2019 regno
1284 1965 1532 2019 privaretur,
1572 1965 1816 2006 innocentes

335 2020 489 2062 multos
530 2021 706 2073 occidit,
757 2029 814 2073 tu,
854 2028 900 2062 ut
931 2020 1134 2070 obtineas,
1170 2027 1371 2060 nocentes
1411 2027 1452 2060 et
1490 2026 1624 2061 morte
1666 2019 1816 2075 dignos

335 2076 532 2129 dimittis3
564 2084 692 2131 atque
720 2077 882 2117 utinam
913 2090 962 2116 ea
990 2077 1152 2117 ratione
1181 2082 1380 2116 nocentes
1410 2075 1470 2115 illi
1490 2082 1590 2116 tunc
1610 2075 1815 2128 viverent,

188 2140 386 2173 '9-33‘2-ne
422 2132 695 2173 innocentesd
730 2131 1005 2187 postmodum
1043 2131 1360 2172 interimerent*.
1428 2130 1549 2181 Puto,
1589 2130 1663 2171 sed
1703 2131 1818 2186 quod

334 2188 476 2228 verius
507 2194 582 2240 est,
615 2187 753 2238 credo,
785 2195 825 2228 te
855 2202 939 2228 non
969 2186 1133 2241 legisse,
1173 2187 1301 2227 immo
1339 2200 1418 2227 nec
1447 2185 1673 2239 audivisse,
1715 2201 1816 2242 qua-

334 2242 429 2284 liter
457 2243 564 2283 iram
595 2243 754 2284 domini
783 2243 1011 2283 incurreret
1040 2257 1116 2283 rex
1144 2241 1305 2282 Israhel
1334 2240 1496 2294 Achab,
1537 2241 1636 2282 dum
1672 2257 1715 2283 re
1749 2256 1816 2283 em

337 2298 457 2351 Sirie,
487 2299 626 2339 virum
654 2304 788 2339 morte
819 2298 1007 2353 dignum,
1043 2297 1305 2339 foederatum
1342 2297 1570 2338 dimitteret
1598 2257 1814 2339 Benadab.

334 2353 456 2394 Unus
487 2354 598 2395 enim
629 2354 680 2395 de
710 2353 805 2394 filiis
835 2353 1137 2409 prophetarum
1169 2352 1278 2394 dixit
1306 2352 1360 2393 ad
1389 2351 1556 2393 Achab:
1588 2352 1693 2393 ‘Hee
1713 2353 1817 2395 dicit

122 2409 549 2455 1Reg.20.42.dominus:
588 2410 700 2461 Quia
730 2409 926 2450 dimisisti
954 2409 1092 2448 virum
1123 2408 1297 2463 dignum
1327 2414 1461 2448 morte
1491 2407 1543 2449 de
1572 2422 1700 2448 manu
1729 2415 1814 2462 tua,

336 2466 414 2506 erit
443 2466 583 2505 anima
611 2472 682 2505 tua
712 2479 788 2519 pro
819 2465 959 2504 anima
989 2464 1091 2516 eius,
1132 2472 1173 2504 et
1201 2462 1383 2518 populus
1423 2470 1520 2504 tuus
1550 2477 1628 2518 pro
1658 2462 1814 2518 populo

339 195 406 227 108
530 195 831 228 LIUDPRANDI
857 196 1200 228 ANTAPODOSIS.
1252 197 1344 227 LIB.
1373 196 1414 227 V.
1468 196 1620 227 15—17.
1846 0 1878 247 ἒ

336 2572 364 2604 a)
388 2571 529 2605 χελανδια
553 2574 580 2597 3.
662 2572 691 2603 b)
716 2580 768 2596 vox
790 2573 876 2596 deleta
900 2579 955 2596 esse
978 2571 1086 2597 videtur
1110 2573 1134 2596 1.
1211 2570 1237 2602 c)
1262 2571 1432 2595 confusiose
1458 2572 1485 2595 1.
1566 2569 1596 2603 d)
1619 2574 1764 2596 nocentes
1789 2572 1814 2596 1.

339 2670 374 2712 1)
401 2672 457 2703 De
493 2673 666 2714 parvitate
699 2671 942 2703 navicularum
968 2672 1194 2703 Russicarum
1221 2671 1296 2712 agit
1322 2671 1427 2701 etiam
1456 2669 1704 2703 Constantinus
1730 2671 1814 2703 Por-

336 2721 588 2762 phyrogenitus
616 2719 677 2762 (de
705 2720 836 2752 admin.
863 2722 946 2762 imp.
975 2731 1004 2752 c.
1033 2720 1052 2749 2
1081 2731 1114 2762 p.
1144 2718 1217 2760 69).
1295 2718 1332 2757 2)
1360 2717 1557 2759 Septembri
1584 2729 1703 2751 mense
1731 2720 1814 2761 Igor

336 2768 448 2800 altera
486 2768 586 2799 clade
614 2774 764 2811 accepta
792 2768 932 2801 domum
968 2778 1128 2800 reversus
1155 2772 1219 2800 est.
1321 2765 1358 2807 3)
1384 2766 1578 2798 Flodoardi
1604 2768 1694 2800 Ann.
1721 2768 1811 2798 942:

335 2827 396 2847 rex
409 2817 514 2858 Hugo
536 2817 747 2849 Sarracenos
769 2817 811 2849 de
827 2817 1018 2849 Fraxinido
1039 2826 1157 2848 eorum
1175 2815 1366 2847 munitione
1387 2814 1589 2857 disperdere
1609 2816 1814 2848 conabatur.
