1902 3200
369 185 667 218 LIUDPRANDI
696 185 1040 219 ANTAPODOSIS.
1092 189 1185 220 LIB.
1213 190 1281 221 111.
1529 193 1574 224 53

95 296 200 338 forte
231 296 310 337 hoe
341 296 507 336 divinae
538 294 823 349 previdentiae
854 295 1076 336 consilium
1116 297 1206 349 fuit,
1246 306 1292 339 ut
1327 300 1445 341 aliter
1483 302 1572 344 fieri
1588 315 1656 339 924.

95 365 179 392 non
208 358 363 406 posset.
433 351 476 390 Is
521 364 620 390 sane
664 358 787 390 nocte
818 350 978 403 eadem,
1025 366 1109 406 qua
1151 368 1227 393 rex
1268 353 1470 409 deceptus
1511 366 1574 399 est

94 406 389 460 Berengarius,
406 404 604 446 adhibitis
621 403 701 444 sibi
718 405 863 460 copiis,
879 414 1107 447 nocturnas
1124 408 1161 449 ei
1177 408 1418 461 vigiliarum
1436 418 1573 452 custo-

95 462 184 502 dias
225 460 361 501 voluit
402 460 614 501 exhibere.
682 460 774 500 Rex
813 475 914 501 vero
956 462 1305 516 promissionibus
1343 464 1377 504 F
1379 464 1572 508 lamberti

93 516 306 571 deceptus,
337 515 538 557 Milonem
570 530 613 556 se
643 530 727 555 non
758 514 893 555 solum
924 517 1134 558 custodire
1164 533 1247 558 non
1278 519 1387 570 sivit,
1425 536 1572 562 verum

93 571 218 612 etiam
249 579 375 626 atque
406 572 531 611 etiam
562 570 833 612 vehementer
861 571 1089 625 prohibuit.
1147 573 1248 614 Milo
1279 581 1434 627 autem,
1465 578 1573 618 sicut

91 626 156 666 vir
185 625 319 667 fidelis
349 633 389 668 et
418 633 571 678 rectus,
602 640 651 666 ac
680 626 875 667 beneficii
904 627 985 668 sibi
1015 642 1040 668 a
1069 643 1169 683 rege
1199 628 1354 670 conlati
1383 644 1466 671 non
1497 632 1571 672 im-

91 696 264 734 memor,
288 696 411 737 quen]
435 681 670 733 defendere,
689 682 789 736 quia
808 681 952 734 defuit,
982 697 1067 723 non
1087 684 1236 739 potuit,
1262 683 1400 726 brevi*
1422 687 1597 728 acriter·
1621 704 1641 729 i.
1665 711 1691 729 e.
1713 705 1782 730 cito.

91 736 307 778 vindicare
351 737 524 778 curavit.
597 737 749 778 Tei-cia
797 737 955 792 quippe
1004 746 1100 793 post
1147 740 1258 794 regis
1304 755 1451 782 necem
1491 741 1570 794 die,

90 792 125 832 F
127 791 379 834 lambertum
420 792 583 848 sibique
632 799 719 833 tam
763 793 806 832 in
849 793 1005 833 nefario
1045 794 1201 836 scelere
1241 796 1498 850 coniventes,
1528 799 1571 838 vi

91 857 250 903 captos,
291 848 518 903 suspendio
558 848 688 888 vitam
729 847 849 888 finire
889 850 1090 904 precepit.
1159 851 1351 893 Fuerunt
1391 867 1489 894 sane
1529 855 1573 894 in

90 902 169 944 hoc
200 903 289 944 viro
320 902 543 944 nonnullae
582 903 878 958 perfectaeque
906 904 1096 958 virtutes,
1140 920 1221 961 que
1255 907 1350 948 Deo
1386 909 1570 963 propitio

88 959 174 999 suis
204 959 248 998 in
276 958 393 1011 locis,
422 959 509 999 vita
539 959 703 1009 comite,
735 957 897 999 silentio
928 974 1013 1000 non
1043 967 1278 1015 tegentur1.

150 1072 429 1114 EXPLICIT
458 1073 633 1115 LIBER
664 1072 977 1115 SECUNDUS
1009 1074 1501 1121 ANTAPODOSEOS.

460 1309 680 1351 INCIPIT
709 1309 885 1352 LIBER
915 1311 1182 1353 TERTIUS.

247 1425 316 1466 De
346 1425 467 1466 titulo
498 1425 623 1466 huius
654 1426 805 1481 operis,
838 1441 914 1467 cur
944 1427 1109 1469 dicatur
1137 1428 1438 1484 Antapodosis.

249 1480 375 1533 Quod
407 1481 579 1522 defunto
609 1481 866 1536 Bel-engario
898 1489 938 1524 et
967 1482 1148 1524 Rodulfo
1189 1484 1242 1526 ab
1273 1484 1395 1526 Italia
1433 1486 1565 1528 disce-

249 1536 385 1589 dente,
416 1536 629 1592 Hungarii
658 1536 824 1578 Italiam
852 1536 1083 1580 laniabant.

246 1592 424 1633 Meti-ica
454 1592 680 1647 descriptio
721 1593 772 1634 de
801 1594 1001 1648 Papiensi
1039 1594 1299 1636 lamentabili
1329 1598 1563 1639 exustione.

247 1647 372 1700 Quod
403 1648 471 1688 dei
499 1647 666 1702 gladius
706 1663 790 1689 non
829 1648 1017 1690 funditus
1047 1650 1224 1705 Papiam
1267 1650 1562 1704 destruxerita,

247 1703 322 1744 sed
362 1703 660 1744 misericordia.
688 1704 778 1745 eius
816 1704 1065 1746 mirabiliter
1101 1706 1154 1747 ab
1192 1706 1424 1761 Hungariis
1463 1707 1563 1750 libe-

244 1759 357 1799 rarit.

244 1813 371 1866 Quod
400 1813 514 1855 beati
545 1813 640 1867 siri,
672 1814 859 1856 eiusdem
891 1815 1072 1857 civitatis
1103 1817 1283 1872 patroni,
1319 1818 1373 1858 sit
1402 1819 1561 1860 meritis

243 1869 431 1911 liberata.

158 1926 196 1966 6.
243 1925 371 1978 Quod
400 1924 534 1966 isdem
563 1924 713 1966 beatus
754 1925 873 1967 Sirus
904 1927 1082 1981 Papiam
1112 1928 1297 1980 veniens,
1339 1927 1561 1983 prophetie

242 1981 393 2036 spiritu
432 1981 521 2022 eius
561 1980 806 2023 afluentiam
844 1989 886 2023 et
919 1980 1174 2037 Aquilegiae
1214 1998 1361 2024 casum
1401 1984 1560 2025 denun-

239 2037 367 2079 tiarit.

167 2104 198 2134 ι.
244 2091 334 2134 Cur
362 2091 683 2147 Ermengardab
714 2100 811 2149 post
840 2092 1060 2135 Adelberti
1089 2094 1170 2135 viri
1201 2095 1265 2135 sui
1295 2108 1442 2136 necem
1473 2102 1559 2137 tam

242 2155 391 2203 potens
422 2148 621 2189 extiterit.

158 2203 196 2243 8.
240 2205 348 2258 Regi
377 2202 559 2244 Rodulfo
590 2217 615 2243 a
650 2203 902 2259 Burgundia
940 2219 1147 2259 regresso,
1187 2205 1482 2247 E1·men0·a1·da
1521 2208 1559 2248 ei

242 2267 338 2314 post
381 2258 600 2314 paululum
651 2259 816 2301 rebellis
866 2260 1008 2301 extitit
1055 2268 1096 2302 et
1144 2275 1241 2301 cum
1288 2238 1557 2304 ItaIiensibus

238 2315 415 2370 Papiam
444 2315 636 2355 tenuerit.

138 2370 195 2410 *9.
239 2369 447 2411 Rodulfus
477 2385 553 2412 rex
585 2385 682 2411 cum
714 2371 903 2412 exercitu
932 2372 1140 2426 Papiamc
1171 2372 1316 2414 tendit.
1572 2390 1702 2426 ·p,302‚

130 2426 194 2466 lo.
240 2425 367 2478 Quod
415 2425 708 2481 Ermengarda
761 2426 986 2468 calliditate
1040 2442 1116 2468 sua
1164 2428 1244 2469 hoc
1287 2428 1456 2481 faceret,
1511 2437 1557 2470 ut

240 2480 472 2523 Rodulfusd
518 2489 646 2523 noctu
687 2497 784 2523 suos
825 2483 1035 2524 desereret
1074 2490 1203 2539 atque
1242 2483 1296 2524 ad
1337 2499 1380 2525 se
1423 2491 1555 2525 trans-

234 2537 336 2592 fuga
365 2536 494 2578 fieret.

165 1428 203 1522 ΝΤ·

163 1592 203 1690 {²⁵9⁵

159 1815 199 1855 91

73 2662 106 2696 a)
125 2664 291 2689 destuxerit
314 2666 341 2689 1.
423 2663 454 2696 b)
478 2671 622 2695 ermenga
647 2666 671 2691 1.
698 2666 722 2690 2.
807 2664 832 2696 c)
856 2671 986 2696 papaam
1011 2666 1035 2690 1.
1119 2664 1148 2696 (1)
1172 2664 1292 2690 rodulfu
1316 2667 1341 2691 1.

76 2772 111 2801 1»
140 2769 191 2803 Cf.
225 2769 315 2801 infra
349 2769 405 2801 111
434 2780 463 2802 c.
491 2771 548 2802 42.
589 2769 645 2802 48.
688 2771 847 2810 50-5-23
888 2771 918 2801 V
948 2781 976 2802 c.
1006 2770 1062 2801 27.
1110 2770 1215 2811 Milo,
1248 2770 1425 2803 Manfredi
1451 2770 1553 2812 filius,

73 2819 239 2850 oriundus
265 2818 331 2850 fuit
357 2829 399 2850 ex
425 2824 531 2861 gente
558 2819 774 2851 Francorum
803 2818 1009 2851 Salicorum.
