1878 3201
312 196 378 227 112
503 195 807 227 LIUDPRANDI
834 193 1176 227 ANTAPODOSIS.
1227 193 1322 226 LIB.
1352 194 1395 226 V.
1449 193 1603 224 22—23.

228 322 292 347 945.
306 312 347 347 et
377 305 571 347 Stefanus
601 303 851 345 invitabunt.
912 304 1104 359 Cumque
1132 311 1228 345 tuae
1266 303 1462 344 sessionis
1492 301 1678 343 medium
1708 317 1778 343 ex-

306 359 495 403 ellentiae
534 367 619 412 tue,
659 367 864 415 quatenus
904 360 1032 400 moris
1072 365 1146 411 est,
1186 358 1373 400 obtinere
1412 357 1649 412 temptabis,
1686 372 1779 411 per-

306 430 429 457 cusso
460 430 561 456 mox
591 423 720 466 scutO,
752 413 903 455 inclusi
933 414 984 455 de
1015 413 1209 454 cubiculo
1241 412 1424 466 exilient,
1455 420 1656 467 tuamque
1685 413 1778 453 fuso

305 471 508 525 sanguine
537 471 669 511 vitam
698 469 856 510 finient.
900 469 1050 509 Fidem
1079 476 1219 509 autem
1257 469 1292 508 si
1320 468 1460 509 relatis
1490 468 1698 522 exposcis,
1728 467 1780 507 iis

305 526 655 581 inpresentiarum
698 525 954 578 argumentis
1003 522 1192 575 adfirmo,
1242 524 1440 578 quoniam
1490 521 1780 563 conclusorum

305 581 382 623 tibi
411 595 613 636 personas
642 580 760 620 rimis
791 579 981 631 ostendo,
1013 577 1112 618 dein
1142 577 1255 633 quod
1285 578 1409 619 saluti
1439 577 1696 632 solempnius
1718 584 1781 617 est

305 644 415 688 tuae,
446 636 676 676 hostiorum
706 633 783 675 tibi
814 633 954 675 claves
983 633 1126 674 trado⁷.
1185 633 1264 673 His
1285 633 1440 674 auditis
1463 633 1780 675 Constantinus:

307 691 435 745 ‘Age⁷,
466 690 569 743 infit,
611 695 669 730 ‘ut
698 689 1010 730 coniuratorum
1047 688 1269 743 prodidisti
1304 687 1536 742 perfidiam,
1575 694 1780 742 quatenus

306 746 413 786 hanc
445 747 677 796 devincam,
716 758 917 799 exprome
948 744 1209 784 sententiam.
1272 743 1368 783 Non
1408 743 1519 783 enim
1558 743 1661 783 mihi
1694 749 1782 783 tam

306 815 400 841 mea
429 800 539 841 salus
571 814 679 852 cara,
711 814 836 854 quam
865 800 998 854 pietas
1020 799 1097 839 erit
1116 799 1160 838 in
1179 798 1398 840 referenda
1418 798 1554 852 gratia
1573 796 1781 837 iucunda'.

309 855 389 897 Cui
418 854 690 896 Diavolinus:
727 855 859 905 ‘Non',
890 855 1037 909 inquit,
1070 853 1190 895 ‘clani
1219 859 1259 894 te
1290 861 1364 907 est,
1402 852 1657 894 Macedones
1687 866 1784 892 cum

306 911 383 952 tibi
422 910 610 962 devotos,
650 916 740 950 tum
776 909 885 951 bello
924 909 1049 950 duros
1090 910 1291 960 existere,
1341 909 1494 949 mittito
1533 908 1686 962 itaque,
1732 921 1781 948 ac

307 964 527 1007 cubicula³
557 965 741 1020 propria,
783 964 954 1006 Stefano
995 972 1036 1005 et
1075 964 1347 1005 Constantino
1386 962 1691 1018 ignorantibus,
1723 963 1783 1002 eis

307 1021 593 1062 suffarcinato.
672 1020 866 1075 Cumque
919 1020 1138 1074 designata
1185 1019 1274 1060 dies
1323 1019 1507 1060 convivii
1554 1017 1784 1070 advenerit,

306 1083 433 1131 atque
465 1075 517 1117 ob
550 1076 746 1117 sessionis
774 1076 928 1116 fastum
958 1074 1145 1116 simultas
1185 1075 1418 1129 inrepserit,
1450 1073 1546 1114 dato
1587 1073 1705 1128 signo
1736 1078 1784 1113 ut

307 1131 493 1187 prefatus
524 1147 629 1183 sum,
670 1145 872 1187 percusso
905 1129 1065 1171 scilicet
1105 1137 1236 1182 scuto,
1289 1144 1384 1170 cum
1428 1127 1592 1169 illorum
1633 1141 1783 1168 manus

307 1194 561 1228 armatorum
592 1186 775 1242 presidio
806 1187 864 1228 eis
895 1201 985 1227 esse
1014 1200 1099 1226 non
1127 1186 1293 1241 poterit,
1329 1185 1390 1225 tui
1429 1198 1530 1224 mox
1561 1199 1616 1225 ex
1643 1184 1784 1238 inpro-

307 1243 398 1282 viso
429 1241 683 1296 prosiliantb,
714 1256 868 1296 eosque
898 1247 1012 1282 tanto
1043 1240 1305 1282 commodius
1347 1246 1501 1295 quanto
1531 1239 1784 1293 insperatius

309 1298 488 1351 capiant,
535 1303 662 1352 atque
701 1296 755 1337 ad
793 1297 979 1337 vicinum
1019 1296 1332 1345 monasterium,
1376 1295 1430 1336 ad
1468 1294 1582 1349 quod
1620 1300 1785 1349 patrem

308 1367 443 1403 suum,
473 1366 664 1393 socerum
695 1351 854 1392 scilicet
874 1358 1006 1402 tuum,
1038 1351 1289 1403 direxerant,
1320 1351 1462 1401 tonsis,
1494 1356 1540 1390 ut
1559 1350 1687 1390 moris
1709 1354 1782 1401 est,

310 1406 507 1459 crinibus,
546 1406 945 1461 phylosophandum
981 1407 1277 1448 transmittant.
1350 1405 1533 1445 Divinae
1576 1404 1785 1459 siquidem

308 1463 517 1503 rectitudo
546 1462 702 1503 iustitie
732 1470 851 1502 tuum
881 1462 1096 1515 negotium
1129 1460 1391 1512 secundabit,
1420 1460 1540 1500 cuius
1560 1473 1786 1514 reconpen-

310 1518 454 1569 sati00‚
485 1533 537 1558 ne
567 1518 611 1557 in
640 1523 803 1572 patrem
843 1524 1080 1571 peccarent,
1117 1516 1210 1557 illos
1248 1531 1333 1557 non
1370 1516 1529 1567 terruit,
1570 1520 1611 1555 et
1639 1522 1693 1566 te,
1732 1529 1784 1555 ne

309 1572 556 1625 offenderes,
588 1572 836 1613 custodivit'.
895 1572 1018 1624 Quod
1049 1573 1157 1612 iusto
1189 1571 1255 1613 dei
1313 1570 1460 1612 iuditio
1490 1571 1550 1611 ita
1569 1570 1786 1622 accidisse,

309 1642 394 1668 non
424 1628 559 1669 solum
589 1628 775 1682 Europa,
806 1627 880 1668 sed
911 1634 952 1668 et
980 1628 1084 1668 Asia
1113 1641 1226 1667 nunc
1257 1633 1396 1667 cantat
1426 1633 1466 1667 et
1494 1625 1653 1666 Africa.
1701 1625 1786 1666 De-

309 1684 472 1739 signato
503 1684 657 1724 etenim
687 1683 766 1735 die,
808 1683 907 1723 dum
944 1682 1139 1723 simulata
1177 1696 1280 1737 pace
1319 1681 1643 1724 Constantinum
1672 1680 1784 1721 hunc

311 1739 506 1780 Stefanus
545 1745 584 1779 et
621 1738 921 1779 Constantinus
959 1738 1106 1779 fratres
1144 1739 1196 1779 ad
1236 1737 1479 1779 convivium
1518 1737 1783 1788 invitarent¹,

310 1800 350 1835 et
380 1795 433 1836 ob
465 1794 659 1835 sessionis
690 1793 843 1834 fastum
872 1792 1076 1834 tumultus
1111 1794 1356 1848 insurgeret,
1397 1805 1597 1848 percusso
1627 1798 1675 1832 ut
1703 1790 1788 1832 dic-

309 1856 398 1890 tum
427 1855 490 1890 est
519 1856 650 1900 scuto,
679 1849 934 1889 Macedones
955 1849 1164 1903 insperato
1185 1855 1403 1903 proruunt,
1434 1847 1623 1901 duosque
1642 1845 1789 1887 fratres

312 1904 529 1946 Stefanum
560 1911 601 1946 et
631 1903 954 1945 Constantinum
994 1918 1120 1958 quam
1156 1918 1257 1944 mox
1288 1902 1607 1958 conprehensos,
1647 1907 1788 1942 tonsos

311 1960 459 2015 capite,
508 1960 562 2000 ad
610 1959 790 2000 vicinam
839 1958 1019 2000 insulam
1032 1959 1062 2012 d,
1112 1958 1507 2014 phylosophandum
1556 1956 1610 1997 ad
1660 1970 1787 2012 quam

310 2022 474 2071 patrem
504 2015 757 2067 direxerant,
788 2015 998 2056 mittunt2.

229 2097 298 2129 (11.)
423 2082 489 2123 23.
535 2082 725 2134 Quorum
754 2090 873 2137 pater
902 2082 1116 2122 Romanos
1152 2081 1379 2122 adventum
1408 2087 1455 2122 ut
1483 2081 1656 2133 audivit,
1696 2094 1789 2134 gra-

167 2160 218 2193 -p,
232 2160 297 2187 334,
313 2138 472 2178 ciarum
501 2138 697 2178 acciones
728 2137 805 2179 deo
837 2137 1011 2189 exibuit,
1042 2138 1208 2192 *eisque
1248 2143 1368 2178 extra
1401 2136 1510 2178 fores
1547 2135 1788 2177 monasterii

313 2192 489 2233 obvians
518 2192 627 2234 laeta
656 2193 775 2234 fatie:
807 2193 1037 2234 ‘Festivum
1067 2194 1258 2247 tempus’,
1288 2193 1436 2247 inquit,
1468 2191 1595 2247 ‘quod
1623 2188 1788 2231 humili-

311 2254 440 2289 tatem
483 2254 667 2289 nostram
712 2249 940 2303 imperium
979 2254 1167 2288 vestrum
1210 2248 1379 2289 visitare
1418 2247 1565 2302 coegit.
1625 2246 1787 2288 Caritas

312 2310 426 2358 puto,
458 2318 538 2358 que
569 2303 620 2344 de
649 2318 716 2343 1110
746 2302 909 2359 palacio
940 2302 1113 2358 expulit,
1145 2302 1394 2343 filiacionem
1415 2308 1596 2343 vestram
1625 2315 1709 2342 non
1728 2299 1788 2340 ibi

313 2358 386 2399 diu
416 2373 508 2399 esse
539 2359 739 2413 permisit.
800 2357 837 2399 O
867 2358 1024 2399 factum
1054 2358 1173 2410 bene,
1218 2357 1331 2412 quod
1365 2371 1432 2397 me
1469 2371 1596 2412 quam
1627 2355 1787 2397 dudum

311 2414 574 2468 premisistis.
633 2412 875 2454 Confi-atres
905 2414 1015 2454 0111111
1046 2421 1086 2454 et
1116 2412 1418 2454 commilitones
1447 2413 1542 2464 mei,
1580 2425 1787 2467 supernae

312 2475 473 2509 tantum
503 2468 795 2523 phylosophye
825 2468 1113 2521 incunbentes,
1150 2467 1328 2523 qualiter
1356 2468 1629 2522 imperatores
1660 2467 1787 2507 susci-

310 2531 470 2578 perent,
500 2526 753 2578 ignorarent,
793 2525 827 2564 si
865 2538 950 2564 non
985 2539 1050 2564 me
1088 2524 1171 2564 iam
1209 2522 1369 2564 dudum
1408 2521 1696 2577 imperialibus
1726 2522 1786 2561 in-

312 2630 340 2662 a)
365 2631 479 2656 cubilia
501 2632 553 2657 5a.
596 2630 626 2663 b)
647 2632 815 2663 proxiliant
834 2634 858 2657 1.
902 2631 929 2663 0)
945 2632 1220 2663 reconpensatione
1245 2632 1269 2656 1.
1319 2629 1348 2662 d)
1371 2630 1503 2655 insalum
1517 2637 1593 2656 corr.
1611 2630 1741 2654 insalam
1760 2630 1786 2653 1.

315 2716 351 2760 1)
379 2718 595 2760 Stephanum
623 2722 657 2751 et
685 2719 953 2752 Constantinum
979 2728 1121 2751 mensae
1149 2717 1398 2750 accumbentes
1418 2716 1689 2759 comprehensos
1709 2726 1786 2748 esse

313 2770 348 2798 et
374 2771 534 2799 auctores
560 2767 748 2808 Byzantini
783 2772 818 2800 et
843 2768 1018 2800 Iohannes
1055 2767 1222 2799 diaconus
1252 2765 1404 2798 tradunt.
1506 2762 1544 2807 2)
1570 2765 1723 2796 Primum
1750 2765 1786 2796 in

311 2814 440 2846 Proten
466 2814 616 2847 insulam
641 2820 713 2848 tum
740 2816 830 2849 alius
856 2817 892 2847 in
918 2816 1023 2847 aliam
1049 2814 1211 2847 translati
1237 2818 1326 2846 sunt.

1861 1155 1869 1177 .·.
1851 1090 1869 1112 “,””
1851 968 1869 1082 &1425
1852 921 1869 954 :⁴4⁶
1867 901 1869 909 .
