1902 3200
260 205 561 239 LIUDPRANDI
588 204 934 238 ANTAPODOSIS.
986 206 1080 237 LIB.
1108 207 1154 238 ΙΙ.
1206 207 1310 239 3-4.
1487 208 1530 239 29

49 317 127 360 deo
159 324 199 358 et
228 316 347 371 impii
376 330 452 370 pro
482 314 678 367 lacrimis,
709 314 904 355 fundunt.
950 315 1126 355 Iamiam
1158 330 1234 356 rex
1265 316 1528 359 Hulodoicus
1544 334 1619 360 9102>

48 373 223 414 collecta
252 369 518 411 multitudine
548 370 787 425 Augustam
825 377 1011 422 venerat,
1051 384 1158 425 quae
1197 377 1258 411 est
1298 372 1341 411 in
1371 371 1528 413 Suevo-

46 443 154 480 rum,
186 426 504 481 Bagoariorum,
537 440 611 466 seu
642 424 905 466 orientalium
927 426 1187 465 Francorum
1219 426 1398 467 confinio
1431 429 1528 467 civi-

46 489 122 535 tas,
164 496 262 522 cum
300 482 524 535 insperata,
566 481 700 535 magis
737 488 878 521 autem
908 495 993 521 non
1034 486 1189 535 optata,
1227 481 1364 534 gentis
1404 481 1529 522 huius

45 537 264 578 nuntiatur
305 536 511 576 vicinitas.
581 535 783 590 Sequenti
827 536 956 590 igitur
1000 535 1068 576 die
1118 550 1240 576 secus
1290 536 1527 577 Lemanni¹

45 592 229 633 fluminis
261 605 447 645 campos,
477 591 630 632 Martio
663 592 779 646 operi
809 591 1043 646 capacitate
1075 592 1139 631 sui
1169 598 1304 645 aptOS,
1328 599 1528 647 utraeque

43 649 155 689 acies
186 661 434 688 convenere.

156 703 195 744 4.
254 703 377 743 Prius
407 702 549 756 itaque
580 716 629 741 ac
1547 716 1597 745 (ε.)

268 758 423 798 ‘Titoni
453 771 649 797 croceum
679 756 888 811 linqueret
917 756 1085 797 Aurora
1116 755 1262 797 cubile⁷
1283 763 1311 808 ²,

42 813 361 867 Hungariorum
392 827 507 866 gens,
547 813 662 853 necis
694 813 851 863 sitiens,
895 811 992 852 belli
1024 810 1160 861 avida,
1200 811 1289 864 hos,
1331 811 1529 854 videlicet

45 867 307 921 christianos,
338 867 476 908 adhuc
499 868 700 922 opprimit
721 868 968 919 oscitantes,
999 866 1221 908 nonnullos
1243 882 1425 923 namque
1447 869 1528 923 spi-

43 923 138 964 cula
168 924 286 978 prius
325 937 452 978 quam
489 922 692 963 clamores
728 922 995 977 evigilarunt,
1035 922 1139 963 alios
1178 937 1279 963 vero
1317 922 1528 965 cubilibus

42 978 258 1019 confossos
288 993 424 1033 neque
464 979 662 1032 strepitus
702 993 839 1033 neque
880 977 1055 1018 vulnera
1094 979 1359 1031 exitarunt³3
1405 980 1528 1019 citius

41 1034 155 1075 enim
186 1034 238 1075 ab
268 1034 319 1073 iis
351 1033 522 1088 spiritus
552 1033 738 1084 recessit,
776 1039 903 1088 atque
944 1047 1129 1073 somnus.
1197 1033 1349 1073 Gravis
1387 1034 1527 1089 itaque

41 1090 141 1130 hinc
179 1089 364 1144 indeque
409 1088 541 1128 oritur
584 1102 746 1142 pugna,
791 1089 987 1143 versique
1026 1094 1145 1142 terga
1183 1103 1261 1128 0011
1299 1089 1342 1128 111
1382 1089 1527 1143 fugam

41 1145 170 1186 Turci
183 1151 211 1195 3,
233 1143 403 1185 directis
423 1144 575 1184 acriter
596 1142 739 1194 boelis,
760 1142 805 1182 id
825 1150 889 1184 est
909 1143 1083 1197 sagittis,
1100 1142 1306 1199 plurimos
1324 1151 1526 1186 sternunt.

125 1200 323 1241 Nubibus
346 1199 612 1254 omnipotens
632 1197 803 1239 Heloim
825 1212 920 1238 cum
942 1199 1122 1240 condere
1143 1199 1305 1240 Phoebi
1354 1200 1526 1241 Versus.

123 1255 306 1296 Lumina
336 1254 587 1294 chrisocomi
615 1253 882 1295 venerandus
913 1255 1072 1309 ceperit
1100 1255 1200 1296 atris
1213 1261 1242 1307 ⁴,

123 1310 292 1351 Vertice
323 1324 503 1364 cumque
533 1308 655 1364 polus
686 1324 851 1350 summo
883 1309 1078 1365 clangore
1108 1311 1330 1365 1·emugit⁵,

124 1365 315 1421 Fulgura
345 1364 492 1406 crebra
521 1363 663 1405 volant
693 1364 841 1405 throno
873 1365 1056 1406 demissa
1086 1367 1269 1406 tonantis

70 1434 91 1466 5
122 1421 271 1475 Ignea:
303 1435 405 1462 mox
424 1420 647 1475 trepidant,
670 1421 742 1475 qui
762 1421 930 1475 nigrum
951 1422 994 1461 in
1021 1421 1202 1462 candida
1222 1429 1391 1463 vertunt
1405 1429 1440 1470 ὃς

125 1476 306 1518 Conscia
336 1484 425 1518 tum
455 1482 649 1517 metuunt
680 1475 887 1517 scelerum
917 1476 1079 1517 sulcare
1110 1491 1282 1517 suorum

124 1534 315 1584 Pectora,
346 1531 568 1572 Vulcanob
599 1532 757 1586 pariter
784 1532 949 1572 ruitura
978 1547 1182 1587 superno:

122 1587 253 1628 Haud
283 1602 400 1629 secus
432 1602 454 1628 0
484 1588 630 1627 vacuis
659 1585 837 1628 volitant
867 1601 1070 1628 concussa
1099 1588 1306 1643 pharetris

123 1642 310 1698 Spicula,
341 1642 591 1683 scinduntur
620 1641 815 1683 validaec
846 1644 940 1698 quis
970 1650 1088 1698 terga
1116 1643 1282 1684 loricae.

42 1711 90 1743 10
123 1698 323 1740 Concutit
352 1699 444 1753 ipsa
473 1712 597 1739 ruens
617 1704 790 1753 segetes
821 1713 917 1738 cum
946 1699 1107 1754 grando
1139 1699 1332 1753 superba,

121 1755 193 1795 Fit
223 1755 396 1806 sonitus,
428 1752 684 1808 clangorque
714 1753 839 1793 simul
866 1769 943 1808 per
970 1761 1082 1795 tecta
1111 1769 1303 1807 sonorus,

123 1810 194 1851 Sic
223 1809 368 1865 galeae
399 1809 556 1849 strictis
584 1808 760 1850 reboant
788 1815 891 1849 tunc
919 1810 1090 1851 ensibus
1119 1811 1240 1862 ictae,

121 1865 313 1919 Corpora
341 1864 485 1920 sieque
515 1863 674 1905 cadunt
702 1865 860 1905 mutuis
891 1866 1085 1905 confossa
1114 1865 1292 1920 sagittis.

150 1921 269 1961 *Iam
299 1920 523 1974 septimam
553 1920 811 1961 descendens
832 1919 1030 1962 Phoebus
1061 1926 1342 1976 occupaverat
1362 1919 1672 1973 liora1n,·p‚239‚

37 1982 80 2017 et
99 1990 271 2018 serenus
292 1975 432 2016 adhuc
452 1975 681 2018 Hulodoici
701 1974 892 2030 partibus
913 1977 1027 2017 Mars
1048 1975 1230 2029 favebat,
1264 1990 1360 2016 cum
1382 1975 1523 2028 Turci,

37 2033 145 2073 sicut
173 2046 259 2073 non
286 2031 486 2082 incallidi,
527 2031 675 2085 positis
706 2046 761 2072 ex
789 2031 967 2072 adverso
1003 2032 1178 2084 insidiis,
1221 2031 1366 2085 fugam
1397 2032 1523 2072 simu-

36 2086 136 2129 lant.
206 2087 322 2139 Quos
360 2087 460 2127 dum
497 2088 609 2140 regis
647 2086 843 2142 populus,
885 2086 970 2128 (1011
1006 2088 1192 2141 ignarus,
1231 2088 1391 2141 impetu
1422 2086 1523 2127 vali-

38 2142 212 2183 dissimo
257 2148 523 2198 sequeretur,
571 2143 684 2183 omni
728 2142 937 2197 prodeunt
983 2158 1036 2184 ex
1081 2151 1203 2198 parte
1247 2142 1436 2195 insidiae,
1483 2150 1523 2184 ct

37 2199 264 2254 quasivicti
304 2198 386 2252 ipsi
414 2198 596 2239 victores
636 2199 892 2248 interimunt.
959 2199 1053 2239 Rex
1092 2200 1184 2254 ipse
1222 2214 1244 2239 e
1281 2199 1440 2239 victore
1478 2213 1521 2239 se

36 2323 66 2356 a)
89 2324 168 2349 alios
193 2338 226 2343 —-
249 2325 403 2349 exitarunt
424 2325 452 2348 in
477 2324 566 2348 codice
584 2325 670 2355 prius
693 2325 794 2348 omissa
818 2326 847 2349 in
863 2325 923 2357 fine
940 2325 1067 2356 paqinae
1084 2328 1151 2356 post
1171 2326 1303 2355 remugit
1324 2325 1428 2355 scr-ima
1444 2327 1520 2348 sunt.

37 2364 215 2388 remissionis
248 2366 337 2387 tamen
370 2364 450 2394 signio
483 2364 598 2391 adiecto,
632 2371 687 2394 quo
719 2364 841 2395 ncyZecto
871 2364 902 2388 in
931 2365 957 2389 5.
988 2365 1033 2390 52.
1066 2363 1115 2389 ὕει’
1144 2365 1182 2388 ihi
1200 2372 1350 2396 perperam
1372 2364 1520 2388 habentur.

35 2401 67 2434 b)
90 2403 184 2427 uulno
216 2403 248 2433 13
280 2402 411 2426 vulcano
439 2410 514 2427 sorr.
543 2402 642 2433 Pciper
670 2403 706 2433 cs.
730 2403 783 2431 111,
815 2404 841 2434 3,
870 2411 894 2427 v.
920 2404 972 2433 12;
995 2404 1141 2428 vulnereo
1171 2402 1245 2434 3e’3
1275 2404 1377 2427 lacuna
1402 2402 1428 2427 5.
1458 2402 1519 2432 5a;

38 2441 153 2466 iudicio
176 2439 232 2466 5a‘
255 2444 278 2465 et
301 2442 424 2472 Hert-ay.
516 2441 541 2473 c)
564 2442 630 2472 quis
652 2444 736 2472 terga
759 2442 784 2468 3.
808 2450 836 2472 q.
860 2445 880 2466 t.
903 2443 1002 2467 desunt
1024 2443 1118 2473 spatio
1141 2449 1229 2466 vacuo
1252 2443 1277 2467 5.
1301 2442 1359 2472 5³3
1382 2441 1519 2466 scolade>

37 2481 206 2511 galeaeque
229 2479 303 2511 5:2'3
326 2481 410 2511 queis
433 2482 519 2511 tergo
542 2481 662 2511 Hermy.

40 2584 78 2628 1)
103 2587 127 2618 i.
155 2596 186 2619 e.
215 2586 305 2626 Lici,
335 2586 377 2618 cf.
405 2586 534 2618 Isidori
560 2587 683 2628 Origg.
711 2587 776 2626 IX,
802 2597 831 2618 e.
861 2587 893 2625 2,
921 2587 978 2619 94.
1055 2584 1092 2628 2)
1108 2587 1213 2628 Verg.
1234 2587 1362 2627 Georg.
1385 2587 1412 2625 Ι,
1438 2586 1521 2618 477.

36 2634 127 2666 Aen.
153 2634 216 2674 IV,
243 2633 325 2666 585.
462 2632 500 2677 3)
526 2635 697 2667 Auctores
726 2635 856 2666 Graeci
881 2636 1073 2667 'furcarum
1100 2646 1228 2667 nomen
1254 2636 1396 2677 saepius
1421 2634 1521 2666 Hun-

36 2684 133 2724 garis
159 2683 312 2715 tribuere
340 2682 463 2715 solent.
662 2682 700 2725 4)
729 2682 782 2715 Of.
818 2683 935 2716 Boetii
968 2683 1059 2715 Phil.
1089 2683 1193 2715 Cons.
1220 2683 1247 2723 Ι,
1278 2684 1316 2714 7:
1359 2682 1520 2714 Nubibus

39 2732 124 2763 atris
147 2730 153 2772 Ι
177 2731 319 2763 condita
336 2731 470 2763 nullum
494 2728 498 2775 Ι
521 2731 667 2763 fundere
686 2735 833 2773 possunt
855 2732 860 2772 Ι
884 2732 1000 2764 sidera
1018 2732 1156 2771 lumen3
1185 2732 1232 2771 II,
1260 2732 1298 2762 3:
1328 2731 1416 2763 Cum
1438 2731 1520 2774 polo

37 2779 203 2811 Phoebus
231 2803 240 2812 .
267 2805 274 2811 .
303 2805 311 2812 .
336 2778 341 2822 1
365 2780 481 2812 lucem
508 2790 673 2822 spargere
703 2781 872 2822 coeperit.
1027 2779 1065 2822 5)
1093 2781 1200 2822 Verg.
1226 2780 1314 2812 Aen.
1341 2780 1402 2819 IX,
1430 2779 1519 2811 502:

39 2828 198 2870 sequitur
224 2827 357 2860 clamor
384 2829 591 2870 caelumque
618 2829 781 2869 remugit.
882 2828 917 2869 6)
946 2829 1067 2860 Iuven.
1097 2829 1169 2861 Sat.
1197 2828 1264 2869 III,
1292 2828 1346 2860 30.
