1853 3209
110 320 176 347 919.

40 1316 89 1349 ·p.
106 1318 171 1343 297.

21 1654 69 1680 Ps.
84 1654 129 1686 32,
143 1654 169 1679 5.

5 1692 83 1717 Tim.
99 1694 124 1725 2,
139 1694 166 1719 4.

0 2156 43 2182 es.
69 2157 113 2188 15,
138 2157 166 2181 2.

91 2547 163 2581 (13.)

0 2587 163 2612 91-1-928.

193 200 238 229 44
386 199 686 232 LIUDPRANDI
712 202 1054 235 ANTAPODOSIS.
1106 203 1199 235 LIB.
1227 203 1275 236 Π.
1327 204 1478 235 45-47,

191 307 350 351 toribus
388 311 576 364 augustis
613 310 826 352 hominem
867 312 1139 364 exeuntibus,
1183 313 1414 365 Romanos,
1459 318 1505 353 ut
1544 312 1672 354 latius

192 364 342 405 dicturi
373 374 559 418 sumus1,
600 380 695 406 cum
727 365 1016 419 Constantino,
1059 369 1131 422 qui
1160 382 1271 408 nunc
1301 383 1434 423 usque
1465 374 1668 423 superest,

190 419 343 461 Leonis
382 422 646 475 imperatoris
686 420 790 473 filio,
832 421 1342 477 Constantinopolitanum
1382 424 1555 478 regebat
1594 422 1670 462 im—

191 477 369 530 perium.
410 476 467 516 Et
497 476 605 516 sicut
633 476 723 516 fieri
753 476 927 528 adsolet,
957 478 1105 531 primo,
1138 493 1220 532 quo
1241 479 1454 519 Romanos
1485 480 1671 533 suscepit

188 532 432 586 imperium,
471 545 601 583 anno,
645 530 870 573 nonnullae
899 533 937 573 ei
965 539 1130 586 gentes,
1167 535 1386 588 presertim
1419 533 1670 587 ἃνατολικαὶ,

189 586 414 637 anatolike,
445 585 489 626 id
519 592 581 627 est
612 586 844 639 orientales,
874 587 990 627 nisae
1024 594 1121 628 sunt
1140 587 1353 630 rebellare.
1410 590 1588 631 Factum
1609 596 1673 630 est

190 649 344 693 autem,
376 641 477 681 dum
507 642 736 697 imperator
766 643 1000 684 exercitum
1030 642 1083 683 ad
1105 644 1409 698 expugnanda-s
1440 660 1509 686 eas
1539 651 1670 686 trans-

191 697 385 749 mitteret,
416 697 646 752 Appuliam
678 704 718 739 et
739 697 990 749 Calabriam,
1022 697 1141 738 binas
1162 700 1354 753 regiones
1385 715 1492 755 quae
1514 701 1552 742 ei
1571 707 1673 742 tunc

190 753 390 806 temporis
428 752 684 805 serviebant,
724 754 852 793 huica
887 752 1123 795 rebellasse.
1195 754 1389 809 Cumque
1428 756 1668 811 imperator,

190 808 387 848 maximis
419 809 620 849 orientem
650 823 795 849 versus
827 809 957 863 copiis
988 809 1178 861 directis,
1218 811 1428 851 exercitus
1457 811 1539 851 huc
1568 811 1672 852 mul-

189 863 413 904 titudinem
455 863 664 904 destinare
701 879 785 904 non
823 871 986 918 posset,
1023 865 1190 918 rogavit
1228 865 1383 919 primo,
1427 874 1473 907 ut
1510 866 1565 906 ad
1605 867 1671 907 sui

189 917 430 959 fidelitatem
465 919 686 974 pristinam
723 927 871 974 sponte
910 920 1106 961 redirent.
1166 920 1249 972 Qui
1290 935 1387 961 cum
1416 929 1671 975 recusarent,

188 980 315 1029 atque
352 973 431 1014 hoc
470 989 513 1015 se
553 974 735 1015 facturos
765 975 937 1016 minime
969 976 1166 1028 dicerent,
1208 975 1263 1016 ad
1292 976 1540 1017 Africanum
1569 992 1671 1018 mox

189 1030 418 1084 imperator
449 1044 671 1071 suscensus
703 1030 848 1085 dirigit
883 1046 1039 1085 regem,
1072 1046 1168 1072 eum
1199 1032 1333 1086 pretio
1363 1046 1529 1087 rogans,
1558 1040 1606 1074 ut
1626 1048 1671 1074 se

189 1085 371 1137 adiuvet,
402 1085 655 1140 virtutisque
695 1087 782 1128 eius
819 1086 976 1127 auxilio
1006 1086 1238 1142 A3puliam
1278 1086 1357 1128 sibi
1395 1095 1519 1144 atque
1551 1087 1670 1129 Cala-

187 1140 324 1181 briam
355 1140 520 1182 subdat.
579 1143 673 1182 Hac
703 1141 911 1196 legatione
932 1157 1008 1183 rex
1070 1143 1252 1183 fricanus
1281 1143 1452 1196 accitus,
1483 1144 1671 1185 innume-

186 1195 341 1237 rabiles
385 1196 546 1237 ratibus
591 1198 734 1252 copias
778 1198 821 1237 in
862 1197 1101 1239 Calabriam
1141 1198 1456 1254 Appuliamque
1502 1199 1669 1253 direxit,

186 1250 393 1305 binasque
437 1251 512 1292 has
554 1254 746 1308 regiones
791 1253 1055 1308 imperatoris
1103 1254 1337 1295 dominatui
1379 1255 1670 1308 potentissime

188 1306 387 1348 subdidit.
448 1307 534 1349 Sed
565 1308 665 1348 dum
694 1323 896 1364 processu
934 1310 1134 1364 temporis
1172 1309 1245 1350 has
1276 1311 1496 1364 *regiones
1533 1311 1670 1352 dimit-

186 1370 334 1415 terent,
375 1363 555 1404 Romam
593 1379 740 1405 versus
771 1365 905 1405 aciem
935 1365 1196 1419 giraverunt,
1234 1371 1503 1420 montemque
1541 1365 1670 1408 Gare-

185 1417 345 1459 lianum
376 1419 562 1459 maxima
600 1434 677 1473 pro
716 1421 892 1461 tuitione
931 1420 1012 1461 sibi
1041 1420 1392 1473 vendicaverunt,
1431 1421 1671 1478 multasque

186 1474 490 1515 munitissimas
523 1475 713 1516 civitates
745 1474 1004 1516 debellantes
1034 1477 1077 1516 vi
1108 1483 1320 1530 ceperunt.

297 1530 363 1571 46.
410 1529 619 1570 Dominus
649 1545 748 1571 vero
778 1538 920 1572 noster
958 1532 1077 1572 Iesus
1110 1530 1315 1583 Christus,
1354 1538 1599 1573 coaeternus
1630 1539 1673 1574 et

186 1585 556 1640 consupstantialis
594 1587 705 1641 patri
735 1593 966 1641 sanctoque
997 1587 1181 1641 spiritui,
1224 1587 1343 1627 cuius
1382 1587 1672 1629 misericordia

184 1639 309 1695 plena.
338 1648 400 1682 est
429 1647 551 1693 terra,
583 1642 656 1696 qui
685 1642 899 1683 neminem
928 1641 1145 1682 hominum
1174 1641 1264 1682 vult
1292 1643 1442 1697 perire,
1480 1643 1555 1684 sed
1585 1658 1670 1685 om-

183 1711 257 1737 nes
288 1696 424 1736 salvos
456 1696 546 1737 fieri
577 1704 618 1738 et
648 1698 702 1738 ad
732 1698 989 1752 agnitionem
1022 1698 1208 1739 veritatis
1237 1699 1393 1751 venire,
1431 1713 1483 1739 ne
1513 1707 1669 1755 pereat,

185 1751 299 1806 quod
338 1751 450 1792 solus
491 1752 594 1793 deus
633 1760 728 1794 ante
758 1753 905 1793 mundi
935 1753 1275 1795 constitutionem
1311 1754 1504 1809 previdit,
1543 1760 1670 1811 atque

182 1814 278 1861 post
317 1822 484 1848 omnem
525 1816 779 1861 creaturam,
825 1810 946 1863 quasi
977 1809 1193 1849 dominum
1225 1810 1372 1850 ceteris
1402 1816 1588 1852 utentem
1618 1826 1669 1852 ac

183 1862 469 1903 dominantem
518 1865 677 1904 creavit
713 1863 942 1916 hominem,
982 1879 1191 1919 quemque
1231 1865 1275 1905 in
1310 1866 1436 1906 finem
1466 1868 1668 1920 temporis

182 1932 259 1973 per
299 1919 514 1973 sanguinis
555 1921 621 1960 sui
660 1919 937 1961 effusionemb
974 1935 1098 1962 verus
1139 1919 1263 1960 homo
1302 1936 1512 1977 verusque
1551 1922 1668 1976 deus,

182 1988 266 2014 non
311 1974 395 2014 duo
439 1974 514 2015 sed
557 1990 678 2027 unus,
723 1975 912 2028 redemit,
957 1975 1010 2016 ad
1051 1989 1237 2016 amorem
1276 1976 1342 2017 sui
1385 1977 1668 2032 propriaeque

182 2030 317 2084 patrie
340 2028 609 2071 dilectionem
631 2030 836 2086 quosdam
858 2030 1074 2072 beneficiis
1104 2031 1266 2083 invitat,
1303 2033 1532 2074 terroribus
1563 2034 1667 2075 alios

183 2085 410 2140 compellit,
441 2100 525 2126 non
556 2100 639 2141 quo
671 2085 765 2138 sibi,
797 2087 869 2141 qui
890 2101 967 2128 nec
989 2093 1263 2141 augmentum
1293 2086 1481 2129 bonitate
1511 2097 1666 2143 nostra,

183 2148 230 2181 ut
260 2141 467 2196 propheta
497 2148 673 2183 testatur
695 2142 861 2183 dicens:
894 2143 1107 2197 ‘quoniam
1127 2142 1333 2183 bonorum
1364 2158 1554 2184 meorum
1584 2159 1668 2186 non

183 2198 305 2251 eges',
336 2211 412 2237 nec
444 2196 741 2238 detrimentum
771 2197 932 2239 malitia
962 2206 1151 2239 sumerec
1181 2199 1328 2253 possit,
1365 2199 1440 2239 sed
1469 2206 1517 2240 ut
1545 2200 1667 2242 nobis

180 2252 326 2306 prosit.
385 2251 551 2294 Placuit
580 2253 721 2308 itaque
743 2254 793 2305 ei,
825 2254 923 2309 quia
942 2252 1157 2295 beneficiis
1178 2253 1402 2307 noluimus,
1423 2254 1666 2297 huiusmodi

181 2321 257 2348 nos
287 2307 342 2348 ad
371 2315 536 2362 tempus
559 2310 766 2363 castigare
786 2309 1029 2350 terroribus.
1089 2309 1174 2350 Sed
1203 2323 1256 2350 ne
1279 2309 1477 2351 Saraceni
1508 2310 1666 2353 diutius

180 2362 428 2404 insultarent
458 2370 499 2404 et
529 2363 734 2405 dicerent:
768 2364 866 2405 ‘Ubi
897 2371 960 2405 est
990 2364 1093 2404 deus
1115 2365 1298 2405 eorum‘?⁷
1329 2367 1533 2407 convertit
1560 2367 1665 2408 deus

182 2418 310 2458 corda
355 2418 665 2471 christicolum,
714 2419 820 2460 adeo
863 2426 909 2460 ut
952 2419 1131 2474 amplior
1174 2420 1225 2460 iis
1269 2422 1488 2475 pugnandi
1538 2437 1664 2478 quam

179 2473 370 2529 fugiendi
400 2475 517 2529 prius
548 2483 658 2515 esset
688 2474 855 2529 cupido.

290 2531 358 2572 47.
404 2530 498 2581 Quo
537 2537 728 2585 tempore
772 2529 1038 2571 venerandae
1074 2530 1263 2571 Romane
1301 2531 1411 2572 sedis
1452 2547 1663 2574 summum

180 2583 390 2626 Iohannes
411 2585 634 2626 Ravennas
655 2586 947 2641 pontificatum
969 2587 1151 2627 tenebat.
1196 2586 1279 2627 Hic
1309 2594 1449 2628 autem
1478 2594 1564 2628 tam
1593 2603 1663 2630 ne-

179 2640 283 2680 fario
315 2640 470 2682 scelere
501 2649 648 2682 contra
676 2642 740 2682 ius
770 2641 917 2697 fasque
947 2642 1154 2696 pontificii
1176 2641 1343 2682 culmen
1379 2642 1438 2683 ita
1467 2643 1660 2685 obtinuit.

179 2724 207 2755 a)
231 2726 377 2755 sequentia
398 2732 486 2757 usque
508 2726 739 2751 interfectorum
762 2728 877 2756 strages
900 2733 961 2757 cap.
987 2726 1021 2751 66
1045 2726 1145 2750 desunt
1169 2726 1197 2750 in
1219 2725 1358 2750 codicibus
1380 2726 1406 2751 3.
1535 2725 1566 2759 b)
1589 2726 1660 2752 effu-

178 2763 263 2788 sione
288 2765 312 2788 1.
395 2763 420 2798 c)
445 2769 563 2790 sumere
586 2766 612 2789 1.

181 2826 216 2868 ι)
246 2827 299 2858 Cf.
327 2827 416 2859 infra
442 2828 497 2859 111
527 2838 555 2860 c.
583 2828 640 2860 25.
