1878 3201
199 358 253 382 946

193 541 265 575 (14.)

131 1263 140 1269 ¹
155 1271 182 1294 p.
199 1263 264 1288 336.

80 1485 144 1510 101).
158 1484 202 1517 39.
217 1486 263 1513 13.

284 235 350 266 116
476 235 775 266 LIL‘DPRANDI
803 235 1146 267 ANTAPODOSIS.
1196 236 1289 267 LIB.
1316 236 1358 267 V.
1410 235 1453 266 29
1468 236 1564 268 -31.

279 345 506 387 multorum
536 344 753 386 oculorum
793 346 999 396 excussio,
1041 344 1260 385 simultatis
1302 346 1522 400 sepissima
1549 347 1758 401 repetitio,

280 416 374 442 cum
406 401 546 456 signis,
578 408 666 441 tum
704 400 933 454 gemitibus
963 407 1142 440 narratu
1201 400 1487 441 Hadelardum
1519 407 1660 442 autem
1678 402 1757 443 Re-

279 458 399 512 gensi
429 456 603 512 prefecit
632 456 874 497 aeclesiaet.

389 525 455 566 30.
514 524 725 564 Bosonem
753 537 867 573 vero,
897 522 1094 576 Hugonis
1124 523 1234 577 regis
1265 524 1467 578 spurium,
1490 523 1758 566 Placentinae

280 579 403 632 sedis,
435 587 475 620 et
504 577 791 619 Liutefredum
813 577 1032 632 Papiensis
1061 577 1264 618 aeclesiae
1295 579 1516 635 episcopos
1547 579 1757 635 expellere

280 636 500 691 cogitavit,
539 648 686 675 verum
716 633 999 674 intercedente
1029 633 1176 687 pretio,
1216 633 1269 674 ob
1301 634 1368 674 dei
1398 650 1441 676 se
1470 650 1656 677 amorem
1686 650 1758 677 eos

280 691 488 732 dimisisse
519 688 743 730 simulavit.
803 690 942 740 Quam
979 689 1216 729 inmensum
1255 694 1355 729 tunc
1389 690 1505 731 Italis
1535 691 1757 746 gaudium!

276 745 468 787 Alterum
505 744 652 785 David
689 744 854 785 venisse
894 743 1136 785 latrabrant.
1206 744 1291 786 Sed
1330 751 1371 785 et
1404 760 1556 800 magno
1599 747 1757 789 Karolo

278 815 375 842 ceca
405 801 517 842 hunc
546 806 686 841 mente
716 800 994 855 preferebant.
1056 801 1324 856 Quamquam
1355 802 1465 841 enim
1496 803 1643 842 iterato
1669 803 1759 843 Hu-

277 872 430 912 gonem
468 863 595 912 atque
636 855 914 897 Lothariuma
955 870 1074 910 reges
1113 855 1250 896 Italici
1291 857 1563 911 susciperent,
1603 857 1757 899 Beren-

277 914 443 968 garium
486 919 627 953 tamen
670 913 838 952 nomine
883 910 1017 952 solum
1059 912 1365 964 marchionem,
1410 919 1616 967 potestate
1659 928 1758 955 vero

278 983 433 1022 regem,
464 967 555 1009 illos
584 967 793 1008 vocabulo
826 982 960 1022 reges,
989 974 1088 1008 actu
1115 974 1256 1008 autem
1280 982 1415 1022 neque
1436 982 1512 1023 pro
1535 968 1759 1010 comitibus

277 1024 501 1066 habebant.
563 1022 678 1075 Quid
707 1022 859 1078 plura?
916 1023 1052 1063 Tanta
1079 1023 1158 1063 1130
1187 1023 1433 1078 Berengarii
1462 1024 1586 1077 fama,
1615 1025 1760 1066 huma-

277 1082 420 1132 nitate,
450 1079 711 1131 liberalitate,
741 1084 935 1133 parentes
966 1079 1048 1119 mei
1078 1079 1214 1131 acciti,
1246 1079 1284 1119 ei
1314 1094 1380 1119 me
1409 1079 1464 1119 ad
1491 1080 1758 1122 serviendum

278 1137 461 1177 tradunt.
531 1134 611 1176 Oui
653 1142 692 1176 et
731 1135 930 1175 inmensis
972 1134 1121 1176 oblatis
1139 1135 1156 1161 ¹³
1192 1134 1458 1188 muneribus,
1503 1143 1759 1177 secretorum

279 1192 368 1233 eius
409 1191 623 1232 conscium
663 1205 711 1230 ac
752 1189 1024 1246 epistolarum
1061 1191 1320 1231 constituunt
1351 1191 1616 1245 signatorem.
1677 1191 1759 1233 Cui

280 1262 377 1288 cum
406 1245 585 1288 fideliter
612 1246 761 1301 *longo
784 1253 973 1301 tempore
995 1246 1261 1298 deservirem,
1292 1245 1383 1298 hac,
1416 1261 1542 1301 quam
1562 1261 1760 1301 prosecu-

279 1309 427 1343 turusc
458 1317 550 1343 sum
584 1302 670 1342 suis
700 1303 744 1342 in
774 1301 890 1354 locis,
922 1317 998 1357 pro
1029 1302 1168 1343 dolor!
1212 1302 1404 1343 mercede
1436 1303 1619 1343 donavit.
1678 1304 1759 1344 Ve-

277 1373 371 1399 rum
400 1358 504 1399 haec
534 1358 752 1399 retributio
791 1372 926 1412 poene
956 1372 1023 1397 me
1053 1358 1107 1398 ad
1137 1357 1472 1411 desperationem
1502 1373 1635 1413 usque
1665 1373 1758 1414 per-

277 1414 472 1466 traheret,
504 1414 537 1454 si
568 1413 611 1453 in
640 1428 685 1454 re
716 1412 925 1454 consimili
956 1414 1165 1453 consotios
1191 1412 1395 1467 plurimos
1417 1427 1501 1453 non
1522 1414 1759 1455 excuderet.

277 1470 345 1511 De
375 1469 455 1510 isto
487 1469 597 1510 enim
628 1467 801 1523 pulchre
833 1469 992 1509 dictum
1022 1469 1275 1524 accipimus:
1308 1468 1491 1510 ‘Pennae
1521 1470 1760 1510 structionis

278 1524 434 1566 similes
465 1533 561 1565 sunt
590 1525 740 1580 pennis
770 1525 983 1579 accipitris
1014 1532 1055 1565 et
1083 1523 1258 1564 herodii.
1304 1523 1413 1564 Cum
1441 1531 1606 1579 tempus
1637 1524 1760 1566 adve-

276 1582 397 1634 nerit,
428 1582 472 1621 111
501 1580 631 1621 altum
666 1579 752 1621 alas
791 1581 926 1635 erigit,
966 1579 1128 1621 deridet
1165 1580 1376 1635 aequitem
1416 1585 1456 1620 et
1496 1595 1761 1623 ascensorem

278 1638 392 1678 eius⁷.
450 1636 535 1677 Hic
567 1636 692 1689 enim,
734 1636 1025 1691 superstitibus
1055 1636 1239 1690 Hugone
1270 1644 1310 1676 et
1340 1635 1551 1688 Lothario,
1582 1651 1759 1692 magnus

277 1707 497 1749 voraxque
527 1692 686 1744 strutio,
716 1707 801 1733 non
829 1691 965 1732 bonus
997 1691 1068 1733 sed
1100 1690 1211 1732 bono
1242 1691 1388 1732 similis
1420 1699 1482 1732 est
1510 1693 1639 1732 visus.
1683 1693 1759 1734 Eis

277 1757 417 1790 autem
450 1748 762 1801 decedentibus,
795 1755 835 1789 et
865 1748 919 1788 ad
948 1749 1068 1802 regni
1096 1747 1263 1802 fastigia
1296 1746 1490 1788 omnibus
1511 1762 1759 1803 promoven-

276 1805 402 1857 tibus,
435 1810 636 1860 quantum
667 1803 754 1845 alas
781 1804 973 1856 erexerit,
1005 1810 1291 1859 quantumque
1312 1818 1388 1843 nos
1411 1817 1553 1844 omnes
1573 1804 1759 1856 irriserit,

277 1875 363 1901 non
390 1867 476 1901 tam
508 1860 648 1901 verbis
680 1875 807 1916 quam
838 1860 1027 1915 suspiriis
1057 1873 1106 1899 ac
1137 1857 1364 1913 gemitibus
1394 1873 1530 1900 narro.
1582 1859 1665 1901 Sed
1695 1859 1760 1900 his

279 1917 458 1969 omissis,
489 1915 543 1956 ad
572 1915 771 1956 narrandi
801 1916 950 1956 seriem
979 1914 1213 1955 redeamus.

390 1985 456 2025 31.
514 1984 608 2025 Rex
628 1984 756 2039 Hugo
789 1998 885 2023 cum
914 1983 1099 2023 divinam
1120 1982 1528 2024 animadversionem
1549 1982 1759 2024 declinare

278 2055 328 2081 ac
357 2039 615 2094 Berengario
646 2054 814 2095 preesse
844 2053 927 2079 non
956 2046 1111 2093 posset,
1149 2038 1293 2079 relicto
1322 2038 1521 2080 Lothario
1553 2046 1604 2091 et,
1636 2039 1760 2079 simu-

277 2095 362 2137 lata
391 2110 510 2150 pace,
540 2095 787 2151 Berengarii
816 2094 915 2135 fidei
945 2094 1110 2147 tradito,
1152 2095 1195 2134 in
1224 2095 1490 2135 Provinciam
1521 2095 1636 2134 omni
1666 2109 1760 2135 cum

279 2152 459 2207 pecunia
494 2152 748 2207 properavit.
807 2151 902 2202 Quo
942 2149 1085 2190 audito
1125 2150 1387 2191 Raimundus
1425 2149 1761 2205 Aquetaniorum

279 2208 478 2262 princeps
520 2222 617 2247 eum
654 2207 779 2259 adiit,
819 2206 916 2246 cuid
948 2214 989 2247 et
1018 2220 1095 2262 pro
1126 2206 1251 2246 minis
1281 2205 1393 2247 mille
1424 2221 1467 2247 se
1503 2207 1548 2246 111
1584 2205 1760 2248 militem

279 2263 406 2316 dedit,
437 2263 648 2318 fidemque
680 2263 759 2304 sibi
790 2269 1053 2303 servaturum
1087 2262 1320 2302 iuramento
1363 2261 1614 2303 adfirmavit.
1675 2262 1760 2303 Sed

281 2327 321 2360 et
361 2320 626 2373 congregatis
667 2319 799 2374 copiis
837 2317 1003 2359 Italiam
1041 2318 1328 2372 ingressurum
1367 2332 1416 2358 ac
1455 2317 1759 2372 Berengarium

280 2373 608 2416 debellaturume
627 2390 717 2416 esse
734 2374 947 2430 promisit;
970 2373 1084 2429 quod
1106 2380 1261 2429 quanto
1282 2387 1357 2413 nos
1375 2388 1519 2415 omnes
1540 2373 1759 2428 cachynno

279 2430 476 2483 affecerit,
506 2430 642 2484 gentis
672 2430 861 2471 eiusdem
886 2429 1022 2470 vilitas
1043 2428 1183 2484 palam
1204 2429 1316 2482 facit,
1348 2444 1455 2484 quae
1477 2429 1554 2470 etsi
1575 2429 1758 2484 presidio

280 2501 370 2527 esse
410 2492 574 2541 posset,
619 2485 674 2526 ad
715 2486 909 2527 effectum
945 2492 1086 2526 tamen
1125 2484 1456 2539 haudquaquam
1495 2484 1756 2540 perduceret,

281 2592 308 2625 a)
330 2594 461 2618 lothariu
485 2595 510 2619 1.
573 2595 603 2626 b>
627 2595 721 2619 oblati
745 2597 768 2618 1.
832 2599 857 2625 c)
879 2601 1058 2625 prosecurus
1083 2595 1108 2619 1.
1159 2593 1187 2625 d)
1210 2593 1280 2617 deest
1303 2593 1328 2616 5.
1353 2593 1405 2618 53.
1457 2593 1483 2624 e‘)
1506 2592 1714 2618 debelaturum
1731 2595 1757 2619 1.

284 2682 319 2714 1‘)
349 2682 401 2714 Cf.
429 2682 567 2714 Attonis
596 2682 697 2723 epist.
725 2681 770 2712 ad
797 2681 1007 2713 XValdonem
1034 2680 1188 2723 (Attonis
1216 2692 1295 2724 opp.
1316 2682 1370 2713 ed.
1390 2681 1578 2713 Eurontius
1596 2692 1630 2723 p.
1650 2679 1756 2723 317):

281 2741 362 2762 nam
398 2732 502 2762 armis
539 2730 693 2770 defendi,
731 2730 1005 2772 depraedatione
1036 2730 1093 2761 vel
1128 2730 1368 2762 devastatione
1403 2730 1592 2769 vindicari,
1623 2729 1758 2771 praeda

283 2779 397 2818 ditari,
425 2779 481 2810 vel
508 2779 699 2811 homicidio
727 2779 782 2810 vel
811 2780 1076 2811 detruncatione
1103 2780 1229 2819 timeri,
1255 2790 1323 2810 non
1351 2778 1572 2810 sacerdotum
1591 2778 1654 2810 sed
1673 2777 1756 2810 dae·

281 2838 421 2859 monum
449 2831 519 2868 est3
547 2828 638 2860 Hist.
668 2827 727 2859 Ott
768 2838 798 2860 0.
827 2828 858 2860 1.
959 2825 996 2869 2)
1025 2828 1091 2867 Qui
1118 2832 1240 2870 postea
1266 2827 1500 2859 Adalheidam
1528 2827 1686 2869 reginam
1714 2837 1755 2858 ex

284 2886 424 2908 carcere
452 2876 615 2908 liberavit
642 2887 683 2907 ac
710 2880 843 2908 tutatus
870 2880 932 2909 est.
