1902 3200
456 222 754 255 LIUDPRANDI
781 221 1002 254 LEGATIO.
1055 221 1210 254 53-54.
1506 225 1571 256 159

97 333 450 387 superscriptione
480 331 800 386 promissionem
830 332 880 370 *a
909 345 975 371 me
1006 331 1222 371 memorati
1243 331 1454 385 principes
1475 343 1717 376 cum·p.s59.

95 387 338 439 audiissent,
369 386 428 426 nil
457 386 593 428 inesse
623 385 708 427 doli
737 391 952 440 putantes:
985 385 1150 426 ‘Grates
1172 384 1247 426 tibi
1269 383 1659 448 Ρ(31·501νίι11115’,ΞΕΒ·ι
1695 423 1728 447 Π

94 443 223 495 aiunt,
255 446 290 482 ‘o
321 442 535 496 episcope;
566 440 687 482 decet
716 442 828 482 enim
858 441 1106 496 sapientiam
1143 448 1258 481 tuam
1288 441 1414 481 tantis
1444 441 1572 482 medi·
1609 429 1670 454 (ψ’
1731 441 1739 448 ’

94 499 267 539 atricem
298 497 553 538 intercedere
582 496 721 538 rebus
780 495 904 538 Solus
936 510 979 536 65
1011 510 1064 536 ex
1086 496 1275 548 Francis,
1308 510 1431 550 quem
1462 511 1573 537 nunc

96 552 339 607 diligamus3
371 551 445 593 sed
466 566 563 593 cum
585 551 823 606 depravata,
855 558 894 592 te
915 551 1119 598 hortante,
1143 552 1414 603 correxerint,
1435 557 1475 591 et
1495 552 1572 606 ipsi

95 607 338 661 diligentum
369 613 499 663 tuque
530 608 679 648 iterum
710 606 763 648 ad
793 620 869 647 nos
900 621 997 647 cum
1028 607 1204 658 veneris,
1235 620 1320 646 non
1350 605 1573 647 indonatus

95 662 242 704 abibis’
262 661 296 700 1!
1030 710 1032 713 y

205 716 386 758 ‘Corona
424 731 552 758 aurea
592 724 855 773 sceptroque,
894 731 988 757 cum
1028 716 1109 756 11110
1153 715 1260 756 ultra
1296 716 1477 769 rediero,
1509 731 1575 758 mc

93 772 357 828 Nicephorus
388 772 624 814 donabit’!³
655 774 806 814 tacitus
836 772 938 813 dixi.

204 827 305 869 ‘Sed
334 827 427 881 dic’,
456 828 664 882 inquiunt,
696 827 798 868 ‘vult
828 827 1023 868 dominus
1049 833 1144 868 tuus
1167 827 1455 868 sanctissimus
1478 842 1573 868 cum

92 884 345 939 imperatore
376 882 542 924 firmare
572 883 802 924 amicitiam
832 883 1000 924 foedere
1030 881 1311 938 nuptiarum'?
1341 909 1395 913 —

203 938 326 980 ‘Cum
356 938 439 979 huc
478 939 686 991 venirem,
724 937 882 991 voluit',
920 939 1112 993 inquam,
1152 938 1239 979 ‘sed
1278 939 1377 993 quia
1407 953 1473 979 me
1504 938 1575 978 diu

94 994 163 1035 hic
193 1000 382 1035 morante
412 992 570 1035 litteras
600 1009 683 1035 non
718 995 875 1050 recepit
906 1021 956 1024 —
983 993 1164 1049 σφάλμα,
1195 993 1238 1034 1(1
1269 1000 1330 1034 651
1359 993 1520 1046 vitium,
1551 1008 1576 1033 a

92 1049 212 1091 vobis
234 1075 288 1080 —
308 1063 460 1104 meque
491 1055 660 1104 captum
691 1057 812 1105 putat
842 1056 882 1090 61
911 1050 1112 1101 vinctum,
1143 1055 1387 1103 aestuatque
1409 1049 1574 1089 animus

92 1106 180 1146 eius
209 1110 333 1156 totus,
365 1103 623 1157 utlleaenae,
661 1104 811 1146 catulis
841 1105 985 1159 raptis,
1025 1103 1161 1145 donec
1197 1103 1427 1145 vindictam
1464 1104 1574 1144 iusta

89 1160 217 1201 faciat
230 1158 460 1201 acerbitate
478 1167 519 1201 61
533 1160 702 1215 nuptias
719 1159 955 1211 abhorreat,
972 1165 1098 1214 atque
1115 1160 1221 1199 iram
1237 1159 1281 1199 in
1292 1173 1367 1200 vos
1380 1161 1572 1201 evomat'.
1589 1172 1783 1206 Osea13,7.8.

202 1214 262 1256 ‘Si
298 1215 478 1270 ceperit’,
519 1215 727 1270 inquiunt,
765 1219 862 1257 ‘non
901 1215 1081 1256 dicimus
1111 1214 1275 1256 Italiam
1309 1242 1355 1246 -—
1389 1214 1462 1257 sed
1498 1229 1575 1257 nec

89 1272 183 1327 ipsa
211 1271 349 1326 capiet
379 1285 488 1318 eum,
519 1271 561 1311 in
592 1285 675 1326 qua
706 1277 821 1312 ortus
851 1278 925 1323 651,
956 1285 1116 1326 pauper
1137 1277 1179 1312 et
1198 1277 1386 1325 gunnata
1399 1277 1426 1323 ²,
1448 1270 1492 1311 id
1513 1277 1575 1312 est

90 1325 278 1382 pellicea,
317 1325 515 1377 Saxonia,
546 1352 600 1356 —
630 1327 811 1381 pecunia
850 1341 934 1382 qua
974 1325 1179 1382 pollemus
1212 1340 1355 1367 omnes
1385 1327 1574 1368 nationes

91 1396 218 1437 super
253 1382 391 1437 ipsum
431 1380 727 1434 invitabimus,
763 1389 804 1423 61
840 1382 960 1437 quasi
1002 1381 1282 1436 ljeramicum,
1320 1381 1364 1422 id
1401 1390 1463 1423 est
1499 1397 1573 1423 vas

91 1436 229 1490 fictile,
261 1436 374 1492 quod
405 1435 664 1478 confractum
695 1437 913 1479 reformari
943 1438 1100 1493 nequit,
1134 1437 1459 1492 confringemus.
1518 1437 1574 1478 Et

91 1493 292 1548 quoniam
321 1498 361 1534 te
399 1493 442 1532 in
478 1492 672 1534 decorem
711 1508 833 1534 suum
875 1492 1082 1548 quaedam
1117 1492 1243 1548 pallia
1273 1493 1423 1534 emisse
1453 1499 1573 1548 puta.-

58 1555 61 1556 ’
89 1563 195 1600 111115,
226 1555 273 1589 111
301 1548 345 1588 111
374 1548 560 1589 medium
595 1548 873 1603 proferantur,
911 1547 1135 1601 edicimus3
1176 1563 1282 1603 quae
1321 1555 1417 1589 sunt
1452 1547 1573 1589 vobis

90 1603 230 1658 digna,
260 1602 460 1658 plumbea
489 1610 685 1645 notentur
714 1603 829 1645 bulla
857 1602 1064 1659 vobisque
1094 1605 1303 1655 sinantur3
1336 1618 1444 1659 quae
1475 1618 1573 1644 vero

90 1660 346 1711 κωλυόμενοι,
387 1659 429 1700 id
465 1666 528 1700 651
566 1659 806 1701 nationibus
847 1660 1054 1712 omnibus,
1091 1674 1166 1715 pre
1203 1659 1324 1701 nobis
1360 1659 1574 1712 Romanis,
1612 1682 1631 1686 —

90 1714 314 1771 prohibita,
344 1717 479 1769 pretio
509 1714 673 1755 reddito
703 1714 970 1756 auferantur’.

201 1770 268 1811 54.
328 1769 454 1822 Quod
485 1784 583 1811 cum
613 1770 743 1822 fieret,
776 1771 962 1826 quinque
993 1769 1096 1810 mihi
1126 1770 1451 1825 pretiosissimas
1478 1785 1575 1825 pur-

89 1840 218 1880 puras
261 1824 541 1878 abstulerunt,
576 1825 772 1880 indignos
811 1840 886 1867 vos
924 1840 1154 1880 omnesque
1194 1825 1332 1878 Italos,
1370 1825 1574 1879 Saxones,

90 1882 290 1933 Francos,
322 1881 554 1936 Bagoarios
567 1881 598 1933 ¹⁰,
632 1881 806 1933 Suevos,
838 1881 966 1922 immo
997 1888 1170 1922 cunctas
1198 1881 1401 1934 nationeS,
1432 1881 1575 1922 huius-

91 1936 233 1978 modic
263 1941 378 1978 veste
410 1942 576 1978 ornatos
610 1936 806 1978 incedere
836 1936 1082 1978 iudicantes.
1143 1936 1269 1988 Quod
1299 1951 1426 1991 quam
1461 1936 1574 1978 inde—

92 2007 237 2034 corum
281 2006 495 2047 quamque
540 1991 891 2034 contumeliosum
923 1993 1024 2045 estd,
1069 1991 1228 2045 molles,
1273 1992 1573 2045 effoeminatos,

91 2048 336 2100 manicatos,
366 2048 549 2100 tiaratos,
591 2048 834 2100 teristratos,
873 2048 1110 2100 mendaces,
1149 2055 1358 2100 neutros3,
1395 2047 1573 2100 desides,

122 2109 346 2159 urpuratos
367 2103 580 2155 incedere,
611 2102 759 2144 heroas
779 2117 892 2156 vero,
922 2104 1034 2144 viros
1056 2101 1215 2144 scilicet
1234 2102 1373 2155 fortes,
1396 2103 1575 2145 scientes

90 2118 262 2211 liellum,
306 2158 406 2200 fidei
444 2159 736 2214 caritatisquee
775 2157 939 2214 plenos,
985 2158 1063 2200 deo
1102 2158 1305 2211 subditos,
1349 2157 1575 2199 virtutibus

89 2213 250 2270 plenos,
281 2215 384 2254 non!
417 2213 532 2265 Quid
563 2219 636 2266 est,
668 2215 702 2254 si
731 2214 948 2264 non-haec
980 2213 1232 2256 contumelia
1252 2214 1340 2256 est‘?
1379 2213 1479 2256 ‘Sed
1499 2214 1574 2255 ubi

91 2272 178 2322 est',
209 2270 395 2325 inquam,
426 2270 733 2325 ‘imperatorius
763 2269 929 2311 sermo?
950 2269 1022 2311 ubi
1043 2268 1299 2325 imperialisf
1324 2269 1575 2325 promissio?

93 2324 204 2367 Cum
234 2326 346 2366 enim
375 2324 435 2365 illi
464 2324 755 2377 valedicerem,
786 2326 945 2380 rogavi,
976 2332 1023 2367 ut
1052 2326 1096 2365 in
1136 2324 1337 2366 ecclesiae
1376 2325 1574 2366 honorem

94 2381 305 2436 quantivis
335 2381 457 2436 pretii
487 2395 554 2421 me
584 2381 844 2435 permitteret
872 2380 999 2436 pallia
1028 2395 1180 2423 emere.
1232 2381 1316 2432 Qui
1347 2381 1422 2422 ait:
1464 2380 1577 2432 Qua-

91 2435 147 2477 lia
176 2437 239 2477 vis
270 2442 311 2478 et
340 2442 506 2492 quanta,
539 2435 740 2489 ποιότητα
770 2439 840 2478 καὶ
876 2436 1111 2490 ποσότητα,
1148 2435 1192 2476 id
1232 2443 1295 2478 est
1331 2435 1575 2491 qualitatem
1629 2458 1669 2469 -a-

93 2498 135 2534 et
149 2492 438 2547 quantitatem,
450 2505 623 2546 ponens,
644 2492 924 2534 differentiam
937 2492 1061 2548 plane
1073 2506 1158 2533 non
1169 2491 1321 2547 posuit,
1340 2497 1386 2532 ut
1398 2491 1574 2533 diceret:

95 2546 160 2587 his
191 2553 231 2588 et
258 2546 338 2588 illis
370 2548 573 2603 exceptis.
619 2547 758 2590 Testis
789 2555 852 2590 est
872 2547 958 2590 Leo
990 2547 1272 2603 coropalates,
1309 2546 1436 2588 frater
1466 2547 1576 2599 61115,

93 2603 210 2644 165115
240 2610 302 2644 651
332 2608 373 2644 61
401 2604 605 2658 interpres
643 2603 889 2655 Euodisius,
928 2603 1148 2655 Iohannes,
1188 2603 1424 2653 Romanus,
1460 2601 1576 2644 testis

94 2672 186 2699 sum
217 2658 320 2713 ipse,
353 2659 426 2713 qui
456 2658 570 2714 quod
600 2659 827 2714 imperator
856 2659 1027 2711 diceret,
1064 2658 1227 2700 etiamsi
1266 2658 1470 2712 interpres
1507 2657 1576 2698 ab·

92 2719 215 2766 esset,
245 2712 455 2755 intellexi'.

93 2784 123 2818 a)
147 2785 273 2810 donabis
297 2786 323 2810 C.
385 2784 415 2817 b)
438 2786 476 2809 al.
498 2787 645 2811 Baoarios
668 2787 688 2810 C
746 2784 771 2817 c)
793 2784 962 2810 huiusmodi
987 2785 1012 2810 C.
1063 2784 1093 2817 d)
1117 2786 1154 2810 sit
1177 2786 1204 2812 C.
1267 2783 1293 2815 e)
1310 2783 1526 2815 charitatisque
1548 2785 1573 2811 (ἶ

93 2823 116 2856 f)
139 2825 178 2849 al.
202 2825 330 2855 imperia
354 2824 380 2849 (J.

96 2874 132 2917 1)
159 2877 266 2918 Verg.
293 2876 382 2908 Aen.
411 2877 452 2916 V,
480 2876 569 2908 305:
597 2877 682 2909 mihi
709 2887 778 2909 non
807 2876 955 2908 donatus
983 2876 1107 2908 abibit.
1158 2875 1200 2915 2)
1226 2875 1352 2908 Gunna
1380 2879 1432 2907 est
1458 2876 1577 2906 tunica

90 2924 235 2966 pellicia
262 2924 374 2968 (angl.
403 2923 535 2967 gown).
637 2923 675 2966 3)
702 2926 725 2958 i.
755 2935 785 2957 e.
814 2924 993 2956 eunuchos
1023 2923 1055 2956 C.
