1902 3200
488 270 789 303 LIUDPRANDI
816 270 1040 303 LEGATIO.
1093 270 1247 303 61—62.
1545 276 1609 306 163

134 381 242 433 dico,
273 395 356 421 non
385 385 449 421 est
476 379 661 421 adulatio
691 379 809 429 haec,
845 393 923 420 nec
958 393 1116 420 consuo
1155 395 1265 420 nunc
1301 381 1495 434 pulvillos
1531 385 1691 433 31111968,

134 437 276 479 cubito
306 449 473 488 manus3
503 449 582 488 res,
616 436 803 490 inquam,
838 449 941 475 vera
977 442 1050 476 est.
1114 435 1218 476 Post
1247 435 1424 477 biduum
1460 440 1732 482 vestrissszech.

132 492 290 533 meritis
333 496 449 531 tanta
492 498 554 532 est
596 489 749 531 fretum
792 489 1090 545 tranquillitate
1135 489 1341 543 sedatum,
1386 498 1443 543 ut,
1490 496 1737 533 cum³1³⁷18·

131 552 282 587 nautae
312 545 433 587 nobis
469 545 730 600 aufugerent,
767 546 847 600 ipsi
877 545 1090 586 Leucaten
1127 560 1262 601 usque
1298 547 1606 601 navigaremus,
1622 536 1695 560 ¹³⁰⁰

130 600 362 642 miliaribus
398 600 559 647 seilicet
599 609 766 643 centum
803 607 844 642 et
879 600 1176 656 quadraginta,
1212 601 1315 641 nihil
1354 601 1606 643 discriminis

128 663 202 697 aut
221 657 414 698 tristitiae
434 657 653 712 patientes,
674 657 754 697 nisi
774 670 924 709 parum
944 657 987 696 in
1002 655 1194 697 faucibus
1209 655 1394 697 fluminis
1410 657 1607 710 Acheloi,

128 712 201 753 ubi
231 711 513 753 discurrentes
543 710 743 752 velociter
771 711 925 752 fluctus
956 712 1045 752 cius
1076 713 1203 752 maris
1224 712 1337 752 unda
1357 711 1607 754 reverberat.

240 779 305 820 652.
365 779 479 831 Quid
509 793 621 833 crgo,
652 784 922 833 prepotentes
952 779 1134 834 augusti,
1164 778 1404 820 retribuetis
1425 780 1607 832 domino,

126 848 203 889 pro
235 833 429 875 omnibus
460 848 565 889 quac
596 834 789 875 retribuit
817 834 861 873 in
891 849 957 875 me
987 833 1134 875 vobis?
1178 834 1329 875 Dicam
1351 835 1466 890 quid.
1512 836 1606 877 Hoc

128 889 232 931 deus
263 889 363 941 vult,
394 889 473 930 hoc
503 889 624 944 petit,
657 895 697 930 et
727 890 921 944 quamvis
951 889 1038 931 sine
1059 890 1181 931 vobis
1201 889 1280 931 1100
1302 890 1439 932 facere
1460 892 1606 946 possit,

127 944 218 985 vult
246 951 387 986 tamen
416 944 540 985 huius
570 945 629 985 rei
660 959 749 986 esse
790 944 1019 1000 hypurgos,
1060 945 1103 986 id
1143 953 1204 986 cst
1243 946 1477 999 ministros3
1516 948 1607 1002 ipsc
1675 962 1712 969 ··“

127 1001 238 1042 0111111
270 999 382 1055 quod
412 1001 450 1040 ei
482 1000 679 1041 offeratur
707 999 792 1051 dat,
833 1000 1017 1041 custodit
1053 1000 1167 1055 quod
1206 1001 1360 1055 exigat,
1399 1008 1445 1042 ut
1474 1002 1608 1056 possit

126 1070 327 1097 coronare
361 1055 474 1110 quod
503 1063 674 1109 prestat.
734 1055 951 1096 Advertite
992 1056 1131 1110 igitur,
1173 1069 1342 1110 quaeSO.
1399 1057 1606 1111 Nicepho-

125 1126 197 1151 rus
227 1125 323 1151 011111
355 1109 548 1164 omnibus
579 1110 765 1151 ecclesiis
794 1110 918 1151 homo
951 1110 1006 1151 sit
1035 1111 1190 1165 impius
1205 1119 1231 1163 1,
1272 1110 1417 1164 livore,
1450 1127 1533 1166 quo
1564 1112 1607 1152 in

125 1180 202 1207 vos
246 1164 444 1217 abundat,
490 1164 952 1220 Constantinopolitano
995 1165 1257 1221 patriarchae
1302 1168 1518 1222 precepit,
1562 1174 1607 1208 ut

123 1220 437 1276 Hydrontinam
487 1220 708 1261 ecclesiam
756 1221 800 1260 in
856 1220 1242 1276 archiepiscopatus
1297 1222 1499 1264 honorem
1548 1222 1606 1263 di-

122 1275 248 1328 latet,
298 1291 375 1317 1100
419 1276 635 1330 permittat
676 1276 719 1316 in
765 1277 878 1317 omni
922 1275 1079 1331 Apulia
1123 1292 1197 1318 seu
1241 1276 1437 1318 Calabria
1479 1277 1605 1319 latine

122 1331 329 1387 amplius,
380 1331 454 1372 sed
503 1346 654 1387 graece
701 1331 845 1372 divina
894 1333 1095 1387 mysteria
1145 1331 1368 1374 celebrare.
1445 1333 1605 1375 Merca-

121 1393 233 1429 tores
264 1387 365 1428 dicit
394 1387 522 1428 fuisse
552 1387 772 1442 preteritos
802 1401 935 1442 papas
965 1395 1006 1428 et
1036 1388 1228 1442 spiritum
1250 1394 1441 1429 sanctum
1461 1389 1604 1430 vendi-

122 1443 246 1495 disse,
277 1457 359 1498 quo
390 1442 659 1483 vivificantur
689 1449 729 1483 et
759 1450 963 1497 reguntur
998 1443 1152 1496 omnia,
1193 1444 1265 1498 qui
1295 1443 1430 1499 replet
1460 1443 1604 1485 orbem

121 1505 339 1550 terrarum,
373 1499 445 1553 qui
476 1499 692 1539 scientiam
722 1498 848 1539 habet
877 1499 1003 1551 vocis,
1045 1500 1116 1554 qui
1147 1504 1209 1539 est
1239 1513 1335 1539 cum
1376 1499 1455 1541 deo
1486 1505 1604 1555 patre

121 1560 161 1595 et
189 1553 275 1594 filio
307 1554 396 1595 eius
424 1554 522 1595 Iesu
553 1553 719 1595 Christo
751 1561 998 1595 coaeternus
1029 1560 1069 1595 et
1100 1553 1484 1607 consubstantialis,
1514 1556 1602 1596 sinc

119 1609 252 1661 initio,
283 1609 372 1651 sine
401 1609 496 1662 fine,
526 1624 776 1664 permanens
807 1624 943 1662 verus,
975 1610 1048 1665 qui
1077 1610 1213 1664 pretio
1239 1624 1324 1650 non
1344 1612 1603 1662 aestimatur,

120 1664 195 1706 sed
224 1679 247 1705 a
278 1664 446 1705 mundis
477 1665 601 1706 corde
640 1666 746 1706 tanti
785 1665 949 1717 emitur,
989 1665 1135 1720 quanti
1174 1665 1363 1706 habetur.
1425 1665 1603 1721 Scripsit

118 1721 260 1775 itaque
280 1719 535 1775 Polyeuctos
553 1719 1041 1775 Constantinopolitanus
1057 1720 1314 1775 patriarcha²
1334 1720 1603 1776 privilegium

119 1775 389 1830 Hydrontino
432 1777 644 1831 episcopo,
681 1776 877 1831 quatinus
909 1789 985 1816 sua
1014 1776 1262 1817 auctoritate
1291 1775 1444 1817 habeat
1479 1776 1602 1818 licen-

118 1832 220 1872 tiam
250 1832 472 1886 episcopos
503 1829 778 1872 consecrandi
809 1831 852 1871 in
881 1830 1125 1883 Acirentila,
1163 1831 1358 1884 Turcico,
1401 1832 1601 1884 Gravina,

118 1887 317 1939 Maceria,
349 1887 538 1927 Tricario
553 1894 580 1939 ³,
613 1887 685 1941 qui
715 1886 769 1927 ad
801 1887 1159 1927 consecrationem
1191 1886 1351 1927 domini
1381 1887 1602 1942 apostolici

117 1943 325 1998 pertinere
354 1941 562 1984 videntur.
622 1941 708 1983 Sed
738 1942 841 1997 quid
869 1941 949 1983 hoc
979 1956 1222 1995 memorem,
1254 1957 1350 1983 cum
1380 1943 1473 1998 ipsa
1494 1942 1602 1984 Con-

118 1997 490 2053 stantinopolitana
533 1997 710 2039 ecclesia
757 2004 924 2039 nostrae
975 2003 1144 2039 sanctae
1194 1997 1425 2040 catholicae
1474 2005 1600 2054 atque

116 2053 372 2109 apostolicae
403 2052 604 2095 ecclesiae
633 2053 849 2094 Romanae
879 2053 1028 2094 merito
1059 2054 1112 2094 sit
1142 2053 1360 2095 subiecta?
1419 2054 1601 2106 Scimus,

117 2109 247 2150 immo
276 2108 482 2161 videmus,
514 2107 1028 2164 Constantinopolitanum
1066 2109 1313 2164 episcopum
1350 2108 1477 2164 pallio
1516 2124 1600 2150 non

118 2165 192 2217 uti,
223 2164 304 2205 nisi
334 2165 467 2205 sancti
497 2165 627 2220 patris
658 2165 789 2205 nostri
817 2165 1037 2219 permissu.
1088 2165 1247 2205 Verum
1279 2179 1376 2205 cum
1406 2166 1601 2220 impiissi-

118 2235 212 2261 mus
241 2218 478 2273 Albericus,
510 2235 636 2276 quem
665 2234 749 2260 non
779 2218 963 2267 stillatim
995 2219 1216 2275 cupiditas,
1256 2219 1329 2261 sed
1368 2221 1484 2262 velut
1520 2226 1601 2261 tor-

118 2291 226 2329 rens,
256 2274 516 2331 impleverat,
548 2275 783 2316 Romanam
813 2275 1025 2316 civitatem
1056 2276 1136 2317 sibi
1166 2278 1428 2330 usurparet⁴,
1469 2275 1599 2317 domi-

117 2346 304 2386 numque
352 2330 631 2387 apostolicum
681 2331 801 2387 quasi
846 2345 1013 2372 servum
1057 2331 1275 2386 proprium
1320 2332 1364 2371 in
1408 2331 1600 2372 conclavi

117 2392 302 2440 teneret,
347 2386 561 2428 Romanus
604 2387 834 2442 imperator
881 2385 1013 2426 filium
1063 2401 1187 2427 suum
1231 2386 1598 2442 Theophylactum

118 2442 359 2484 eunuchum
389 2442 669 2498 patriarcham
700 2442 961 2494 constituit53
993 2457 1175 2498 cumque
1206 2457 1302 2483 cum
1322 2441 1507 2484 Alberici
1530 2456 1598 2482 cu-

117 2498 272 2553 piditas
301 2512 386 2539 non
414 2497 573 2550 lateret,
602 2498 741 2539 missis
772 2498 810 2538 ei
840 2498 1086 2539 muneribus
1116 2498 1215 2539 satis
1238 2498 1416 2552 magnis,
1448 2497 1598 2549 effecit,

118 2558 164 2594 ut
194 2566 247 2593 ex
276 2567 412 2609 papae
441 2554 611 2595 nomine
641 2552 959 2608 Theophylacto
989 2552 1252 2608 patriarchae
1282 2552 1443 2594 litterae
1463 2552 1597 2594 mitte-

118 2660 147 2692 ει)
171 2665 234 2685 tum
258 2662 288 2684 (J.

122 2747 156 2787 1)
176 2748 231 2779 De
259 2748 384 2780 infesto
411 2749 603 2791 Nicephori
622 2749 656 2779 in
677 2747 847 2779 eeclesias
867 2748 983 2778 animo
1004 2746 1047 2778 cf.
1071 2746 1222 2777 cedreni
1240 2746 1427 2777 Historiar.
1446 2746 1494 2785 11,
1513 2745 1595 2778 368.

119 2795 156 2833 2)
185 2796 253 2826 956
280 2796 378 2839 April
405 2797 424 2828 3
451 2815 498 2819 —-
525 2796 594 2828 970
622 2797 759 2828 Ianuar.
837 2795 874 2836 3)
901 2796 1093 2834 Acerenza,
1120 2794 1234 2833 Tui-si,
1262 2794 1426 2835 Gravina,
1448 2794 1597 2834 Hatera,

117 2845 307 2877 Tricarico.
383 2844 422 2885 4)
449 2845 652 2884 932—954,
680 2844 724 2875 cf.
751 2844 831 2875 Ant.
860 2843 915 2875 ΙΙΙ
944 2854 974 2875 c.
995 2843 1051 2874 45.
1130 2842 1165 2873 5]
1193 2843 1234 2874 A.
1264 2842 1332 2873 933
1362 2842 1418 2874 die
1439 2844 1471 2875 2.
1492 2843 1595 2875 Febr.

115 2903 259 2935 puerum
288 2897 370 2925 tunc
396 2893 552 2925 sedecim
579 2903 760 2924 annorum.

1222 2956 1288 2986 11*
