1902 3200
114 321 182 362 48.

111 432 179 472 49.

111 542 178 582 50.

111 596 178 636 51.

110 651 178 692 52.

110 816 176 857 53.

110 928 180 968 54.

107 1036 174 1078 55.

106 1202 175 1245 56.

106 1313 175 1355 57.

107 1481 174 1522 58.

107 1591 173 1632 59.

105 1702 171 1742 60.

105 1868 171 1910 61.

105 2036 172 2077 62.

106 2146 171 2187 63.

106 2258 172 2299 64.

105 2313 171 2354 65.

104 2424 170 2465 66.

105 2534 170 2575 67.

104 2590 170 2631 68.

105 2701 171 2742 69.

354 209 648 257 LIUDPRANDI
674 208 1015 241 ANTAPODOSIS.
1067 211 1156 243 LIB.
1186 212 1232 243 ΙΙ.
1497 215 1540 246 27

228 318 419 371 Qualiter
456 333 532 373 per
561 318 826 360 Theodoram
868 319 1129 359 meretricem
1167 334 1278 375 papa
1309 322 1359 361 sit
1391 325 1541 365 consti-

226 381 339 415 tutus
354 380 382 413 ³.

223 430 290 470 De
322 428 504 484 quodam
525 427 738 481 Africano⁷
771 428 844 483 qui
865 427 918 469 ad
939 441 1095 483 papam
1115 429 1243 480 venit,
1275 431 1408 485 eique,
1441 446 1540 486 quo-

223 483 349 525 modo
381 498 477 524 cum
508 484 718 525 Africanis
747 498 936 538 pugnare
975 489 1130 538 posset,
1162 483 1381 525 consilium
1412 485 1539 527 dedit.

223 539 350 592 Quod
379 539 491 580 idem
508 538 736 580 Africanus
767 538 932 579 insidiis
962 539 1109 593 positis
1140 546 1299 580 ceteros
1331 540 1541 582 occiderit.

222 596 290 636 De
322 594 496 635 consilio
527 593 735 646 Landulfi,
767 595 1164 635 Beneventanorum
1196 595 1410 649 principis.

222 651 290 691 De
326 664 375 690 eo
414 649 527 704 quod
567 664 680 705 papa
722 648 1129 703 Constantinopolim
1176 650 1344 690 directis
1384 651 1541 691 nuntiis

220 705 475 746 adiutorium
514 704 567 753 ab
605 706 856 760 imperatore
896 705 1126 760 acceperit,
1167 711 1207 746 et
1248 719 1345 745 cum
1390 706 1541 747 Poenis

221 761 487 816 pugnaverit.

222 816 348 868 Quod
380 816 506 858 Greci
544 830 646 856 mox
674 820 721 856 ut
749 816 934 868 veniunt,
974 821 1160 856 castrum
1197 815 1316 856 iuxta
1356 823 1542 857 montem

222 872 493 913 constituunt.

226 926 353 979 Quod
393 941 537 967 omnes
577 926 709 966 Poeni
748 926 830 967 sint
869 925 1079 966 interfecti
1117 932 1157 967 ct
1194 925 1321 981 capti,
1362 932 1403 968 et
1443 927 1543 982 quia

222 983 302 1023 visi
333 989 428 1022 sunt
458 983 500 1021 in
530 980 640 1022 bello
672 982 821 1022 Petrus
853 987 892 1022 et
922 980 1079 1021 Paulus
1110 980 1291 1036 apostoli
1320 981 1505 1036 gloriosi.

218 1037 473 1078 Adelbertus
495 1035 679 1077 Tuscieb
711 1037 956 1092 provinciae
987 1035 1176 1076 marchio
1202 1036 1391 1088 moritur,
1424 1037 1543 1077 cuius

219 1091 329 1133 filius
350 1091 479 1136 Wido
511 1106 588 1147 pro
619 1106 668 1132 eo
698 1092 886 1146 ponitur3
917 1097 1052 1132 mater
1081 1105 1183 1132 vero
1215 1092 1303 1132 eius
1333 1106 1356 1131 a
1388 1092 1542 1133 Beren-

222 1149 340 1202 gario
371 1148 549 1203 capitur.

221 1202 373 1255 Quode
404 1202 607 1257 suspicati
638 1208 735 1242 sunt
764 1202 954 1243 homines
976 1202 1149 1243 Bertam
1170 1201 1402 1244 Adelberto
1434 1202 1541 1244 filios

218 1259 447 1314 peperisse.

219 1314 285 1355 De
326 1328 374 1354 eo
421 1312 534 1368 quod
579 1313 700 1355 multi
744 1313 957 1368 principes
1004 1312 1129 1353 simul
1173 1327 1269 1354 011111
1313 1313 1541 1370 Lamperto

219 1368 533 1410 Mediolanense
564 1369 883 1424 archiepiscopo
914 1368 1172 1424 Berengario
1208 1368 1470 1421 rebellarent,
1503 1376 1542 1411 et

222 1440 299 1466 cur
326 1425 406 1465 1100
435 1424 634 1466 facerent.

218 1480 285 1521 De
317 1481 469 1521 comite
500 1479 643 1535 palatii
665 1486 803 1535 capto,
833 1486 958 1535 atque
979 1479 1207 1534 Lamperto
1228 1494 1313 1520 non
1335 1488 1541 1535 oportune

221 1535 530 1577 commendato.

219 1591 345 1643 Quod
389 1590 569 1632 eundem
614 1591 895 1645 Berengarius
941 1591 1201 1645 requisierit,
1247 1597 1287 1632 et
1325 1605 1400 1632 cur
1441 1606 1538 1632 eum

216 1646 370 1688 habere
400 1660 486 1686 11011
516 1647 662 1702 possit.

216 1702 284 1743 De
328 1701 510 1742 Rodulfo
555 1716 654 1756 rege
698 1701 1073 1756 Burgundionum,
1124 1702 1196 1756 qui
1245 1701 1373 1742 filiam
1418 1701 1537 1743 ducis

217 1756 483 1798 Bruchardid
514 1763 739 1812 acceperat
768 1772 959 1809 uxorem,
990 1765 1030 1797 et
1059 1756 1112 1797 ab
1134 1756 1292 1797 Italicis
1323 1757 1537 1810 invitatur,

216 1819 263 1854 ut
293 1813 346 1853 ad
377 1827 448 1853 eos
478 1813 620 1853 veniat
655 1818 696 1853 et
725 1827 802 1853 rex
831 1827 975 1853 eorum
1005 1811 1090 1852 fiat.

218 1867 411 1920 Qualiter
440 1868 665 1923 Hungarii,
695 1868 943 1923 Berengarii
972 1868 1084 1922 regis
1115 1868 1252 1920 amici,
1293 1866 1537 1909 Odelricum

219 1924 469 1976 occiderent,
501 1923 780 1965 Adelbertum
810 1938 910 1964 vero
951 1924 1062 1978 regis
1099 1938 1303 1978 generum
1334 1930 1375 1964 et
1405 1922 1539 1964 Gisle-

217 1979 384 2022 bertum
415 1979 612 2021 comitem
641 1980 761 2020 vivos
793 1985 1002 2034 caperent.

217 2035 313 2087 Qua
343 2034 570 2076 calliditate
599 2033 855 2076 Adelbertus
886 2034 1073 2075 marchio
1105 2034 1348 2089 Hungarios
1379 2033 1538 2076 deluse-

216 2092 281 2143 rit,
313 2098 354 2132 et
382 2089 456 2130 vili
485 2091 619 2145 pretio
650 2091 703 2132 ab
734 2091 793 2131 eis
823 2091 1067 2146 redemptus
1098 2090 1322 2144 aufugerit.

216 2146 284 2187 Dc
315 2145 554 2187 Gisleberto
593 2154 717 2201 capto
757 2145 966 2201 flagellato
1005 2152 1046 2186 et
1083 2152 1179 2187 ante
1215 2160 1358 2200 regem
1398 2145 1537 2197 ducto,

217 2209 343 2257 atque
373 2201 427 2241 ab
459 2216 508 2242 eo
538 2201 866 2245 misericorditer
895 2201 1069 2242 dimisso
1101 2209 1142 2242 et
1170 2200 1386 2242 honorato.

216 2257 283 2298 De
305 2257 454 2298 eodem
472 2257 544 2313 qui
566 2256 618 2298 ob
636 2256 863 2298 Rodulfum
885 2272 1028 2311 regem
1049 2256 1153 2297 abiit
1173 2264 1214 2298 et
1231 2271 1327 2297 eum
1345 2256 1536 2298 adduxit.

215 2312 284 2354 De
324 2327 469 2367 pugna
505 2311 620 2354 civili
660 2313 767 2354 inter
802 2313 1107 2367 Berengarium
1138 2319 1180 2353 et
1209 2312 1436 2354 Rodulfum
1467 2328 1537 2354 ex-

215 2367 348 2409 horta.

217 2423 343 2476 Quod
378 2422 585 2464 Rodulfus
623 2424 845 2465 victoriam
886 2439 963 2479 per
1001 2423 1269 2464 Bonefatium
1308 2430 1535 2477 cognatum

219 2493 340 2519 suum
372 2478 563 2520 obtinuit.

215 2533 422 2575 Rodulfus
454 2548 663 2576 consensu
691 2534 954 2576 Italiensium
985 2536 1028 2575 in
1058 2534 1352 2589 Burgundiam
1381 2534 1502 2576 redit.

218 2589 285 2631 De
336 2590 652 2632 Veronensibus
703 2592 775 2646 qui
825 2591 1131 2646 Berengarium
1181 2588 1387 2631 consiliati
1439 2597 1537 2631 sunt

216 2645 422 2687 occidere.

216 2701 407 2742 Prudens
437 2701 549 2755 regis
579 2701 826 2756 Berengarii
857 2700 1089 2742 5111001,1010’Β
1120 2700 1175 2740 ad
1206 2700 1507 2742 Flambertum.

49 2806 78 2877 a}
101 2808 248 2833 constitus
274 2810 297 2834 1.
376 2809 405 2840 b)
429 2816 502 2835 corr.
523 2809 635 2834 tusscie
660 2810 686 2835 1.
759 2809 785 2840 0)
811 2809 889 2839 Quot
911 2816 984 2834 corr.
1009 2808 1095 2838 Quod
1117 2809 1142 2834 1.
1221 2807 1250 2839 d)
1273 2809 1292 2833 i.
1315 2815 1337 2833 e.
1361 2808 1537 2835 Burchardi.

50 2853 66 2871 e
103 2847 213 2872 allucio
238 2849 262 2872 1.
