1878 3201
216 540 282 567 947.

150 1282 159 1291 '
174 1291 202 1315 p.
215 1283 280 1308 337.

110 2421 161 2446 ΡΞ.
186 2421 231 2452 22,
255 2420 282 2445 5.

300 194 366 226 118
547 195 847 227 LIUDPRANDI
873 194 1216 228 ANTAPODOSIS.
1268 195 1361 228 LIB.
1389 195 1451 228 VI.
1504 196 1535 228 1.

295 304 407 346 libus
435 305 663 361 amputatis
694 305 936 358 dimittitur3
969 303 1140 346 domina
1167 319 1266 347 vero
1297 319 1321 345 a
1350 304 1608 362 Berengario
1638 308 1774 362 magis

297 360 498 416 diligitur.
556 361 769 402 Dixerunt
797 368 951 413 autem,
991 361 1064 416 qui
1095 375 1192 401 etun
1221 359 1622 415 eunuchizaverunt,
1663 361 1778 418 quod

295 418 443 458 merito
482 415 600 458 illum
640 416 809 458 domina
847 422 1018 469 amaret,
1059 431 1185 471 quem
1223 417 1414 472 priapeia
1454 424 1621 474 portare
1660 431 1777 459 arma

299 478 521 514 constaret.

409 528 474 569 33.
532 528 614 569 Per
652 526 697 567 id
732 533 898 581 tempus
939 526 1095 579 Taxis,
1134 526 1450 581 Hungariorum
1487 544 1582 581 rex,
1622 543 1776 584 magno

299 598 394 624 cum
433 583 621 624 exercitu
660 583 704 622 in
742 582 908 623 Italiam
946 583 1102 623 venitl.
1163 581 1245 623 Cui
1283 582 1564 639 Berengarius
1603 598 1688 625 non
1725 599 1778 626 ex

295 640 468 694 propria
494 638 686 694 pecunia,
718 637 792 678 sed
822 652 877 678 ex
906 636 1155 678 eclesiarum
1185 651 1234 678 ac
1268 651 1503 694 pauperum
1534 639 1777 681 collectione

296 695 341 735 X
370 694 533 735 modios
563 708 831 734 nummorum
861 692 989 734 dedit.
1033 693 1154 734 Fecit
1182 700 1323 734 autem
1342 694 1433 747 hoc⁷
1464 709 1549 736 non
1568 702 1614 736 ut
1633 694 1779 751 populi

296 764 439 790 curam
468 750 654 800 haberet,
686 749 760 790 sed
789 754 834 789 ut
862 747 941 789 hac
971 749 1191 790 occasione
1219 763 1417 804 magnam
1436 751 1661 805 pecuniam
1682 766 1778 792 con-

295 812 502 860 gregaret.
562 805 687 856 Quod
719 810 759 845 et
787 803 899 846 fecit.
957 805 1008 845 In
1039 805 1151 845 omni
1178 805 1290 845 enim
1318 806 1452 846 utrius
1482 821 1607 848 sexus
1638 807 1777 858 homo,

295 868 467 915 tamque
506 859 741 902 ablactatus
783 874 910 915 quam
946 859 1129 912 lactem,
1178 874 1254 915 pro
1295 875 1338 902 se
1377 876 1598 902 nummum
1641 861 1777 914 dedit3

297 915 450 971 quibus
481 930 551 957 aes
583 918 872 967 commiscens,
904 931 957 956 ex
987 917 1134 972 paucis
1166 916 1209 956 X
1234 916 1398 957 modios
1419 917 1536 970 fecit3
1568 924 1777 959 caeteram

295 986 397 1013 vero
427 978 602 1028 partem,
635 978 674 1012 et
703 971 907 1027 quicquid
935 987 989 1013 ex
1019 971 1204 1013 ecclesiis
1234 970 1339 1025 tulit,
1376 971 1455 1013 sibi
1484 973 1665 1014 retinuit.

464 1075 743 1117 EXPLICIT
773 1075 948 1117 LIBER
979 1075 1251 1128 QUINTUS.
1309 1076 1403 1117 Deo
1434 1077 1603 1131 gratias.

485 1265 820 1307 *INCIPIUNT
851 1264 1146 1307 CAPITULA
1175 1265 1333 1307 LIBRI
1365 1266 1553 1307 SEXTI.

382 1347 438 1385 La
458 1345 770 1386 Prohoemium.

377 1402 416 1444 2.
461 1401 529 1441 De
560 1415 609 1442 eo
651 1400 765 1455 quod
803 1400 1032 1455 imperator
1062 1399 1361 1442 Constantinus
1401 1401 1595 1442 nuntium
1625 1400 1778 1442 Beren-

462 1456 579 1511 gario
611 1455 767 1509 dirigit.

378 1512 416 1553 3.
462 1515 558 1564 Qua
587 1511 813 1553 calliditate
844 1510 1125 1566 Berengarius
1153 1513 1346 1552 nuntium
1369 1510 1779 1568 Constantinopolim

463 1567 618 1609 direxit
649 1567 716 1607 cui
746 1567 849 1607 nihil
880 1566 1006 1608 dedit.

379 1626 417 1665 4.
465 1624 561 1675 Quo
598 1629 788 1678 tempore
832 1622 967 1664 isdem
1007 1623 1178 1664 nuntius
1218 1623 1352 1678 Papia
1391 1623 1562 1676 exierit,
1605 1637 1655 1665 ac
1695 1638 1778 1680 quo

465 1678 876 1734 Constantinopolim
904 1679 1077 1720 venerit.

380 1735 418 1777 5.
462 1734 531 1776 De
561 1733 799 1776 admirabili
829 1734 954 1776 domo
996 1749 1102 1791 quae
1143 1734 1297 1776 dicitur
1332 1734 1577 1790 Magnaura,
1619 1742 1660 1777 et
1690 1750 1780 1776 sus-

464 1792 658 1846 ceptione
686 1792 835 1831 nuntii.

379 1847 416 1888 6.
460 1846 528 1887 De
560 1846 680 1887 donis
711 1861 817 1902 quae
847 1847 1018 1887 nuntius
1048 1845 1293 1900 Berengarii
1322 1846 1567 1901 imperatori
1595 1846 1694 1888 fecit
1724 1845 1776 1888 de

465 1903 551 1943 suis
579 1902 718 1955 rebug,
750 1917 803 1943 ex
832 1909 951 1956 parte
981 1901 1240 1956 Berengarii7
1272 1903 1344 1957 qui
1374 1901 1477 1942 nihil
1506 1902 1632 1942 misit.

382 1960 418 2000 7.
463 1957 531 1999 De
562 1973 610 1999 eo
643 1958 755 2014 quod
785 1958 1015 2013 imperator
1034 1958 1228 1998 nuntium
1249 1958 1494 2012 Berengarii
1515 1957 1569 1998 ad
1590 1973 1778 1999 inensam

463 2014 624 2055 invitat.

381 2070 418 2110 8.
462 2069 530 2110 De
560 2068 799 2111 admirabili
830 2068 955 2110 domo
985 2069 1188 2110 Decanea
1224 2075 1264 2110 et
1293 2068 1426 2110 tribus
1462 2070 1626 2125 magnis
1664 2070 1778 2111 vasis

464 2139 614 2166 aurels.

381 2182 418 2221 9.
464 2181 531 2222 De
561 2180 800 2222 admirabili
828 2179 927 2222 ludo
958 2180 1013 2221 ad
1042 2195 1229 2222 mensem
1258 2181 1368 2222 facto
1382 2181 1412 2221 ¹¹.

356 2238 437 2278 100.

411 2294 445 2333 1.
491 2292 712 2348 Temporis
733 2293 925 2334 instantis
948 2291 1125 2348 qualitas
1146 2292 1395 2347 tragoedum
1411 2307 1477 2333 me
1494 2292 1633 2348 potius
1651 2305 1777 2348 quam

296 2347 678 2403 historiographum
710 2355 940 2404 quaereret,
972 2348 1052 2388 nisi
1082 2356 1250 2403 pararet
1275 2348 1468 2389 dominus
1488 2349 1531 2388 in
1552 2354 1778 2402 conspectu

297 2419 391 2445 meo
422 2419 611 2445 mensam
640 2404 842 2446 adversus
873 2419 943 2445 eos
976 2404 1046 2458 qui
1068 2403 1267 2444 tribulant
1287 2419 1365 2445 me.
1418 2403 1644 2459 Explicare
1666 2403 1778 2444 enim

297 2474 382 2500 non
429 2474 601 2515 possum
622 2493 630 2513 7
682 2467 784 2515 quot
842 2474 1017 2515 peregre
1066 2459 1278 2514 profectus
1299 2467 1312 2487 2
1361 2457 1778 2500 incommoditatibus

299 2576 327 2595 a>
350 2575 485 2592 numerus
507 2568 578 2592 deest
603 2570 627 2593 l.
708 2568 736 2599 b)
759 2569 885 2593 Finiunt
908 2568 1049 2599 capitula.
1089 2568 1202 2599 Incipit
1222 2568 1300 2592 liber
1322 2570 1422 2593 sextus
1445 2568 1498 2594 5a.
1580 2567 1607 2600 c)
1630 2568 1702 2592 deest
1723 2575 1776 2592 ‘nu-

299 2615 393 2632 merus
414 2611 438 2632 et
461 2610 664 2638 amarulentum.
688 2615 758 2638 quae
783 2611 882 2631 trucior
903 2607 1047 2631 scribendo
1063 2607 1148 2639 finem
1171 2608 1317 2639 imponens
1341 2608 1450 2638 0711isz't;
1475 2608 1528 2631 iam
1545 2606 1610 2637 fere
1631 2607 1704 2631 duae
1721 2614 1776 2639 pa-

299 2647 382 2676 ,vinae
403 2654 509 2671 vacuae
533 2648 558 2671 1.

302 2733 338 2775 1)
367 2733 420 2766 Cf.
447 2734 536 2766 Ann.
564 2735 758 2767 Benevent.
787 2734 868 2766 947.
908 2734 1021 2766 Taxin
1055 2740 1158 2767 vocat
1192 2735 1282 2767 inter
1316 2735 1468 2777 Arpadis
1502 2739 1648 2778 nepotes
1684 2734 1776 2767 Con-

300 2784 471 2815 stantinus
498 2783 759 2825 Porphyrogen.
793 2783 853 2825 (de
882 2783 973 2815 adm.
1002 2785 1083 2826 imp.
1112 2794 1142 2815 c.
1171 2784 1216 2815 40
1243 2795 1276 2826 p.
1308 2784 1405 2825 175).
1506 2784 1543 2826 2)
1570 2785 1592 2816 i.
1622 2794 1652 2816 e.
1680 2787 1778 2815 extra

302 2832 450 2873 patriam
478 2842 592 2864 meam
620 2832 919 2874 Langobar-diam,
947 2834 982 2864 in
1010 2833 1233 2865 Germaniam
1258 2833 1418 2865 fortasse.

1867 497 1878 1416 -m—ffl.,—·n.-——.Q—
1870 235 1878 487 *nm—-ssm
1871 184 1878 226 .—-·
1873 159 1878 175 -
1870 139 1871 142 Α
