1902 3200
242 199 541 233 LIUDPRANDI
567 198 913 232 ANTAPODOSIS.
967 199 1060 231 LIB.
1089 201 1136 232 11.
1184 202 1335 235 10—13.
1484 204 1527 235 33

49 311 127 352 hac
158 311 267 352 enim
297 323 434 363 neque
463 323 616 349 nomen
645 308 781 362 gentis
811 307 933 349 huius
964 308 1152 349 audierat
1186 336 1232 341 —
1266 313 1364 352 satis
1386 313 1528 354 mirari

49 380 133 408 non
162 365 310 420 potuit.
368 362 570 404 Italorum
601 364 741 418 igitur,
772 363 1021 415 Tuscorum,
1050 363 1312 418 Volscorum,
1345 366 1526 408 Cameri-

46 435 208 473 norum,
250 418 559 474 Spoletinorum
601 419 805 474 quosdam
844 418 973 470 libris,
1012 418 1115 459 alios
1153 421 1307 460 nuntiis
1345 421 1525 473 directis,

48 491 191 518 omnes
222 481 362 516 tamen
391 474 435 514 in
474 488 605 514 unum
641 475 783 515 venire
820 474 1020 529 precepit,
1057 473 1275 530 factusque
1314 483 1376 516 est
1411 491 1526 517 exer-

45 532 152 572 citus
182 529 306 585 triplo
337 529 655 583 Hungariorum
684 528 875 570 validior.

161 586 222 626 10.
269 585 377 626 Cum
411 599 463 625 ue
508 584 587 626 sibi
639 600 714 626 rex
759 584 1039 638 Berengarius
1084 590 1144 625 tot
1187 585 1334 625 adesse
1382 587 1525 641 copias

45 646 244 693 cerneret,
276 654 403 694 super
434 640 499 680 100
530 641 680 695 spiritu
708 639 875 681 inflatus
917 640 1137 694 magisque
1178 640 1435 695 triumphum
1476 641 1526 682 de

43 694 234 737 hostibus
265 695 522 735 multitudini
553 711 652 736 suae
675 710 799 751 quam
827 695 904 736 deo
927 694 1112 736 tribuens
1129 703 1153 747 ¹,
1185 694 1295 735 solus
1318 696 1407 750 ipse
1431 710 1527 736 cum

42 752 189 806 paucis
221 750 406 806 quodam
436 752 478 791 in
511 751 680 806 opidulo
722 751 892 804 degens,
930 748 1137 804 voluptati
1176 765 1346 805 operam
1388 750 1526 792 dabat.

45 806 158 858 Quid
196 806 353 860 igitur?
405 806 586 847 Tantam
631 821 731 847 mox
775 811 821 846 ut
863 805 1073 859 Hungarii
1119 805 1389 860 contemplati
1434 813 1529 847 sunt

42 861 364 914 multitudinem,
412 862 550 902 animo
592 861 858 913 consternati,
914 861 1015 916 quid
1065 860 1252 902 facerent
1296 860 1527 903 deliberare

42 931 127 958 non
156 923 360 972 poterant.
418 917 593 958 Preliari
622 918 814 972 poenitus
842 916 1136 969 formidabant,
1176 917 1318 971 fugere
1361 917 1527 957 0111111110

43 972 286 1028 nequibant.
338 972 498 1013 Verum
528 974 635 1013 inter
665 980 887 1026 utramque
914 972 1022 1012 hanc
1045 973 1348 1013 aestuationem
1381 972 1527 1027 fugere

42 1029 176 1082 magis
217 1042 345 1083 quam
375 1027 569 1083 preliaria
608 1029 746 1081 iuvat,
789 1027 1230 1082 persequentibusque
1276 1028 1525 1079 christianis,

41 1081 241 1124 Adduam
271 1083 445 1123 fluvium
481 1082 677 1135 natando,
714 1085 772 1124 ita
801 1090 847 1123 ut
882 1083 1012 1123 nimia
1051 1082 1317 1124 festinatione
1357 1082 1527 1138 plurimi

41 1139 152 1180 necti
184 1137 566 1193 submergerentur,
597 1144 904 1193 pertranseunt.

155 1195 219 1235 11.
264 1193 473 1248 Hungarii
504 1193 698 1249 denique,
731 1192 903 1234 consilio
934 1207 1020 1234 11011
1043 1192 1152 1233 111010
1182 1199 1371 1249 00001110,
1403 1195 1527 1236 111101-

41 1249 201 1290 nuntiis
233 1249 483 1290 christianos
513 1256 676 1304 rogant,
723 1250 920 1304 quatinus
960 1248 1092 1304 preda
1132 1250 1245 1289 omni
1287 1264 1383 1290 cum
1414 1249 1527 1291 lucro

41 1304 216 1357 reddita,
247 1305 329 1360 ipsi
358 1304 589 1346 incolumes
618 1319 806 1346 remeare
836 1310 1021 1360 possent.
1091 1304 1230 1356 Quam
1273 1306 1528 1360 peticionem

43 1360 260 1402 christiani
296 1360 482 1402 funditus
523 1360 780 1413 abdicantes,
826 1360 903 1413 his,
951 1375 1027 1415 pro
1069 1358 1208 1413 dolor,
1260 1360 1528 1413 insultabant,

41 1416 268 1471 potiusque
317 1415 485 1456 vincula
531 1417 624 1471 quis
668 1416 880 1471 Hungarii
924 1417 1193 1469 vincirentur,
1241 1430 1367 1471 quam
1412 1431 1528 1457 arma

44 1472 197 1526 quibus
227 1479 488 1524 necarentur,
521 1472 760 1527 exquirunt.
811 1472 1004 1527 Cumque
1026 1472 1181 1526 pagani
1204 1471 1528 1513 christianorum

41 1527 206 1568 animos
236 1526 316 1568 hoc
346 1535 469 1582 pacto
501 1526 684 1568 mulcere
714 1528 948 1582 nequirent,
990 1534 1110 1568 vetus
1142 1527 1220 1568 rati
1251 1526 1399 1568 melius
1432 1542 1529 1568 con-

41 1581 194 1635 silium,
227 1590 348 1638 cepta
379 1597 468 1623 sese
499 1581 677 1624 liberare
708 1590 904 1638 satagunt
933 1582 1045 1637 fuga,
1078 1583 1224 1637 sicque
1255 1582 1453 1637 fugiendo
1485 1584 1527 1623 in

41 1638 308 1680 Veronenses
338 1637 564 1679 latissimos
596 1653 768 1693 campos
799 1639 1066 1693 perveniunt.

158 1694 220 1734 1⁶2.
267 1693 601 1735 Christianorum
629 1694 767 1749 ‚primi
806 1694 955 1734 horum
1000 1694 1084 1734 iam
1129 1694 1382 1734 novissimos
1422 1694 1527 1734 inse-

42 1756 212 1801 cuntur,
259 1749 388 1803 fitque
427 1748 573 1790 eodem
614 1763 781 1804 pugnae
822 1748 1074 1804 proludium,
1112 1749 1155 1789 in
1193 1763 1275 1804 quo
1306 1749 1528 1790 victoriam

43 1803 229 1846 habuere
249 1805 418 1859 pagani.
464 1804 678 1845 Validiore
699 1819 798 1846 vero
830 1804 1141 1859 propinquante
1172 1805 1372 1857 exercitu,
1404 1804 1527 1860 fugae

41 1874 127 1901 non
155 1861 436 1912 immemores,
469 1867 636 1915 ceptum
667 1861 745 1901 iter
775 1865 1039 1915 percurrunt.

157 1916 221 1958 13.
266 1915 569 1971 Veneruntque
601 1914 862 1957 christicolae
904 1930 1001 1956 011111
1041 1913 1331 1956 idololatribus
1371 1915 1529 1970 pariter

42 1972 163 2012 iuxta
206 1970 413 2012 fluviumb
459 1971 708 2024 Brenta1n23
760 1971 857 2026 equi
904 1972 1015 2011 enim
1058 1971 1235 2011 nimium
1280 1970 1526 2025 defatigatio

41 2026 233 2082 fugiendi
252 2027 419 2082 copiam
441 2027 679 2082 negabantd
704 2027 946 2081 Hungariis.
1001 2025 1136 2068 Simul
1156 2026 1285 2080 igitur
1306 2028 1527 2082 *utraeque

41 2084 155 2124 acies
191 2097 436 2136 convenere,
464 2083 686 2123 memorati
705 2081 997 2123 tantummodo
1019 2081 1136 2122 fluvii
1156 2082 1275 2123 alveo
1298 2088 1527 2137 separatae.

42 2138 253 2193 Hungarii
283 2137 463 2193 denique
503 2139 632 2179 nimio
673 2144 829 2179 terrore
870 2139 1017 2189 coacti,
1057 2151 1223 2179 omnem
1265 2136 1528 2192 suppellecti-

43 2192 138 2246 lem,
183 2194 385 2249 captivos,
415 2208 532 2234 arma
570 2194 727 2245 omnia,
769 2207 911 2248 equos,
950 2192 1126 2248 singulis
1165 2199 1326 2234 tantum
1359 2193 1529 2248 quibus-

45 2263 141 2290 cum
162 2248 364 2303 repedare
387 2256 559 2304 possent
590 2249 773 2301 retentis,
801 2248 905 2289 'dare
936 2249 1206 2304 promittunt,
1239 2248 1318 2289 hoc
1339 2255 1529 2303 preterea

44 2305 89 2345 in
109 2304 262 2346 honere
284 2318 385 2345 suae
414 2305 628 2360 petitionis
658 2305 907 2359 adiungunt,
937 2310 983 2344 ut
1013 2304 1049 2345 si
1077 2304 1165 2345 vita
1194 2311 1355 2345 tantum
1378 2305 1528 2345 comite

44 2360 154 2401 datis
185 2358 381 2401 omnibus
411 2359 502 2401 illos
533 2375 719 2402 remeare
756 2360 1056 2414 permitterent,
1098 2374 1142 2401 se
1182 2374 1414 2415 numquam
1444 2373 1530 2399 am-

46 2416 157 2471 plius
186 2415 351 2457 Italiam
381 2415 660 2471 ingressuros,
701 2414 796 2456 filiis
828 2416 914 2456 suis
947 2414 1166 2456 obsidibus
1205 2414 1326 2468 datis,
1358 2415 1529 2469 promit-

49 2477 195 2513 terent.
278 2470 439 2512 Verum
481 2472 563 2513 heu
613 2471 830 2512 christiani
875 2469 1097 2526 superbiae
1142 2478 1306 2512 tumore
1350 2469 1527 2525 decepti,

49 2527 173 2568 minis
203 2541 404 2582 paganos,
446 2542 522 2568 ceu
552 2527 636 2568 iam
666 2527 814 2575 victos,
855 2527 1110 2579 insecuntur,
1150 2527 1291 2581 eisque
1332 2525 1528 2567 continuo

50 2664 79 2697 a)
98 2665 188 2697 pliari
212 2667 238 2691 1.
320 2664 350 2697 b)
374 2666 479 2691 fluium
504 2667 529 2691 1.
552 2666 675 2697 saepius.
758 2664 784 2696 c)
808 2664 965 2696 defetigati
990 2666 1012 2692 1,
1035 2665 1157 2696 saepius.
1240 2663 1269 2695 d)
1294 2663 1443 2689 necabant
1466 2665 1489 2687 1.

54 2782 89 2821 1)
119 2781 170 2814 Cf.
198 2793 302 2825 supra
329 2783 346 2815 I
374 2793 403 2815 c.
432 2783 488 2815 33.
603 2781 640 2825 2)
666 2782 756 2815 Anu.
790 2782 974 2814 Alamann.
1010 2786 1044 2814 et
1082 2780 1279 2813 Chronicon
1311 2779 1528 2812 Nouamuia-

51 2840 133 2862 num
161 2841 300 2873 quoque
334 2831 505 2874 proelium
539 2831 632 2874 apud
661 2832 825 2863 Brentam
853 2831 995 2862 fluvium
1024 2830 1245 2862 commissum
1274 2839 1350 2861 esse
1377 2833 1528 2860 narrant.

1201 2896 1220 2926 3

1542 324 1607 350 899.

1543 597 1593 631 (5-1

1542 2045 1591 2077 Ἴ).
1605 2046 1670 2072 291.
