1837 3209
161 282 181 314 8
420 282 722 315 LIUDPRANDI
748 281 1091 315 ANTAPODOSIS.
1142 280 1290 312 LIB.1.
1345 280 1400 312 11,

0 404 151 431 ¹se-suz).
165 392 367 434 memoria
397 393 567 447 risuque
606 391 753 446 dignas
793 392 890 446 egit,
926 391 1121 432 inserere.
1182 387 1647 444 Constantinopolitana

165 447 280 501 urbs,
312 463 419 503 quae
449 449 566 503 prius
596 447 847 498 Bizantium,
883 460 993 486 nova
1022 460 1134 486 nunc
1173 445 1326 486 dicitur
1355 446 1501 497 Roma,
1540 444 1648 485 inter

164 504 448 544 ferocissimas
478 510 624 556 gentes
658 508 720 542 est
745 502 983 542 constituta.
1034 499 1175 541 Habet
1197 501 1355 555 quippe
1376 499 1428 540 ab
1451 498 1647 555 aquilone

166 559 423 613 Hungarios,
455 558 696 609 Pizenacos,
730 556 954 607 Chazaros,
976 556 1129 609 Rusios
1152 570 1256 610 quos
1279 555 1359 596 alio
1381 570 1457 596 nos
1478 555 1647 594 nomine

166 614 463 655 Nordmannos
509 611 754 668 apellamus,
805 617 931 666 atque
964 610 1186 665 Bulgarios
1218 611 1394 650 nimium
1435 609 1515 650 sibi
1549 609 1648 651 vici-

166 684 261 717 nos;
293 669 345 710 ab
378 668 535 709 oriente
566 667 756 722 Bagdas,
798 667 906 708 inter
936 666 1138 707 orientem
1178 671 1218 706 et
1255 665 1473 706 meridiem
1503 663 1650 719 Egipti

165 724 528 778 Babiloniaequea
572 722 752 774 incolas,
797 736 821 761 a
861 721 1037 762 meridie
1081 735 1180 761 vero
1220 720 1408 760 Africam
1444 720 1570 761 habet
1609 724 1651 760 et

166 780 424 822 nominatam
453 778 567 819 illam
596 779 775 818 nimium
806 778 991 817 vicinam
1013 776 1176 831 sibique
1199 776 1449 816 contrariam
1470 774 1650 816 insulam

168 835 304 877 Crete.
366 834 542 876 Caetere
571 848 672 875 vero
704 847 811 888 quae
843 838 939 872 sunt
969 832 1046 873 sub
1078 831 1226 872 eodem
1257 829 1423 871 climate
1448 831 1651 882 nationes,

167 890 341 931 Armeni
382 889 554 941 scilicet,
598 890 760 941 Perses,
805 887 999 939 Chaldei,
1044 886 1218 941 Avasgi,
1263 885 1360 926 huic
1400 885 1651 927 deserviunt.

168 945 334 987 Incolae
366 945 548 1000 denique
578 945 760 985 civitatis
791 943 928 994 huius,
961 944 1069 984 sicut
1098 948 1350 983 memoratas
1382 948 1528 995 gentes
1549 940 1652 981 divi-

168 1002 249 1054 tiis,
280 1001 337 1041 ita
368 1001 493 1041 etiam
525 1000 734 1055 sapientia
764 998 1088 1054 superexellunt.
1148 998 1278 1038 Moris
1314 997 1471 1052 quippe
1509 1010 1654 1037 eorum

170 1063 244 1109 est,
284 1072 335 1097 ne
367 1071 390 1096 a
420 1056 571 1096 vicinis
611 1053 807 1109 gentibus
849 1054 1152 1109 oblttrimantur,
1199 1053 1373 1108 singulis
1418 1052 1655 1107 quibusque

168 1111 366 1153 noctibus
396 1126 472 1166 per
501 1112 627 1151 totius
659 1111 838 1151 civitatis
869 1109 1043 1162 bivium,
1074 1109 1256 1161 trivium,
1290 1107 1656 1164 quadruviumque

170 1176 353 1208 armatos
384 1166 536 1207 milites
568 1181 695 1207 causa
726 1165 1024 1206 custodiendae
1056 1165 1247 1214 civitatis,
1281 1165 1352 1219 qui
1384 1177 1475 1204 eam
1505 1162 1654 1217 invigi-

171 1223 267 1275 lent,
311 1237 480 1278 ponere.
540 1223 707 1277 Fitque,
751 1227 796 1262 ut
841 1221 875 1261 si
920 1227 1017 1275 post
1060 1219 1354 1274 crepusculum
1400 1231 1655 1274 quemquam

172 1277 513 1320 deambulantem
550 1277 691 1333 aliquo
732 1276 925 1317 custodes
966 1275 1231 1327 offenderint,
1279 1282 1427 1330 captus
1468 1273 1657 1329 protinus

171 1333 504 1389 verberibusque
545 1348 679 1384 cesus,
718 1331 908 1373 custodia
946 1330 1152 1387 pervigili,
1193 1330 1468 1386 compedibus
1498 1330 1542 1369 in
1573 1343 1658 1369 car-

173 1404 266 1431 cere
298 1390 482 1441 strictuS,
513 1403 647 1444 usque
678 1389 720 1428 in
752 1388 977 1428 crastinum
1018 1388 1071 1427 ad
1110 1386 1328 1441 publicum
1359 1384 1657 1441 producendus

174 1453 373 1486 servetur.
433 1445 529 1485 Hoc
559 1445 741 1499 denique
772 1449 896 1498 pacto
927 1457 1012 1483 non
1043 1441 1177 1483 solum
1205 1443 1257 1484 ab
1279 1442 1481 1493 hostibus,
1511 1454 1659 1481 verum

175 1502 301 1542 etiam
332 1516 356 1540 a
385 1499 617 1541 latronibus
648 1499 782 1539 inlesa
812 1499 960 1539 civitas
992 1498 1237 1538 custoditur.
1295 1497 1381 1537 Leo
1411 1497 1553 1551 itaque
1583 1496 1659 1535 im-

174 1564 341 1611 perator
389 1561 596 1609 augustus
650 1553 829 1609 vigilum
886 1553 1013 1594 fidem
1071 1553 1431 1607 constantiamque
1480 1550 1661 1606 probare

173 1610 330 1663 volens,
349 1610 461 1651 solus
478 1618 573 1665 post
588 1608 887 1665 crepusculum
905 1624 926 1649 e
938 1605 1098 1664 *palatio
1116 1607 1389 1658 descendens,
1411 1607 1465 1648 ad
1481 1607 1661 1662 primam

174 1668 368 1722 pervenit
399 1666 646 1707 custodiam.
698 1665 835 1717 Quem
856 1671 901 1705 ut
921 1663 1070 1718 vigiles
1092 1664 1323 1718 fugientem
1345 1670 1385 1704 et
1406 1662 1525 1718 quasi
1545 1669 1660 1703 metu

176 1738 218 1763 se
260 1721 542 1763 declinantem
580 1721 791 1773 viderunt,
838 1719 1198 1774 comprehensum,
1245 1719 1337 1774 quis
1374 1725 1483 1759 esset
1523 1732 1660 1773 quove

173 1785 381 1833 pergeret,
421 1779 747 1832 interrogarunt.
808 1775 905 1827 Qui,
947 1790 968 1816 e
999 1774 1139 1816 multis
1174 1789 1305 1814 unum
1336 1788 1379 1814 se
1410 1789 1499 1815 esse
1530 1778 1570 1814 et
1599 1772 1660 1813 lu-

173 1847 307 1888 panar
336 1840 490 1888 petere,
523 1833 644 1874 dixit.
705 1832 785 1874 Cui
815 1845 935 1871 mox:
973 1830 1143 1872 ‘Cesum
1173 1837 1213 1871 te
1243 1830 1420 1882 acriter’,
1451 1829 1660 1884 inquiunt,

177 1888 552 1944 ‘compedibusque
590 1888 782 1929 strictum
819 1901 952 1942 usque
983 1886 1027 1926 in
1057 1886 1285 1927 crastinum
1324 1885 1659 1926 reservabimus’.

176 1944 341 1997 Quibus
372 1943 611 1999 respondit:
644 1948 710 1996 ζμη
741 1942 921 1998 &sawt
952 1957 1017 1994 μη,
1048 1943 1106 1982 mi
1136 1940 1260 1982 adelfi
1280 1942 1362 1993 mi',
1394 1940 1508 1995 quod
1537 1941 1662 1981 inter-

174 2007 384 2056 pretatur:
436 2005 730 2055 ‘nequaquam,
775 1998 942 2050 fratres,
988 2011 1278 2052 nequaquam,
1323 1996 1501 2051 accipite
1547 1994 1662 2051 quod

174 2062 310 2111 porto,
348 2056 577 2110 permittite
613 2056 672 2095 ire
704 2068 786 2110 quo
817 2052 938 2094 volo’.
999 2052 1083 2104 Qui
1122 2052 1344 2093 duodecim
1374 2051 1561 2106 acceptis
1591 2065 1662 2092 au-

173 2112 270 2164 reis,
304 2126 399 2152 eum
430 2111 622 2166 protinus
664 2110 924 2151 dimiserunt.
984 2108 1088 2149 Inde
1118 2122 1218 2149 vero
1258 2109 1477 2159 transiens,
1517 2106 1571 2147 ad
1602 2121 1665 2147 se-

175 2166 357 2208 cundam
387 2167 500 2209 venit
538 2166 786 2208 custodiam.
847 2164 942 2216 Quo
981 2163 1338 2219 quemadmodum
1377 2169 1417 2203 et
1445 2163 1489 2203 in
1556 2162 1664 2203 rima

176 2228 337 2278 cathS,
371 2221 569 2278 datisque,
594 2222 684 2262 XX
714 2221 852 2261 aureis
884 2227 945 2261 est
976 2220 1185 2261 dimissus.
1235 2218 1305 2259 Ad
1324 2219 1490 2260 tertiam
1542 2217 1664 2258 einde

175 2278 276 2318 dum
316 2278 510 2330 venisset,
553 2284 616 2318 est
653 2284 820 2332 captus:
865 2290 1012 2317 verum
1042 2290 1126 2316 non
1156 2282 1202 2316 ut
1230 2275 1367 2328 primo
1398 2287 1448 2314 ac
1478 2273 1663 2314 secundo

176 2333 284 2374 datis
314 2335 453 2374 aureis
485 2339 547 2375 est
578 2333 797 2384 dimissus,
840 2331 913 2372 sed
948 2330 1098 2372 ablatis
1131 2329 1338 2382 omnibus,
1371 2328 1664 2384 compedibus-

178 2403 258 2443 que
289 2389 475 2444 graviter
503 2389 681 2440 strictus,
712 2388 867 2443 pugnis
899 2386 1127 2441 flagrisque
1148 2385 1221 2426 diu
1242 2384 1499 2436 verberatus,
1528 2390 1665 2425 custo-

177 2445 247 2486 dia
286 2459 420 2499 usque
460 2445 503 2484 in
543 2445 771 2484 crastinum
811 2442 1108 2497 producendus
1149 2447 1350 2482 servatur.
1410 2439 1490 2480 His
1521 2439 1664 2494 itaque

178 2499 504 2552 discedentibus,
544 2498 763 2540 custodem
801 2499 1030 2553 imperator
1067 2496 1120 2537 ad
1152 2511 1242 2537 sese
1274 2495 1454 2536 carceris
1484 2508 1665 2536 vocans:

179 2560 283 2612 6φιλε
316 2571 406 2609 μου,
438 2555 505 2596 file
537 2557 632 2607 mu',
665 2553 778 2608 quod
809 2562 871 2594 est
902 2553 1048 2593 ‘amice
1078 2553 1159 2605 mi',
1192 2551 1340 2607 inquit,
1371 2550 1569 2592 ‘Leonem
1590 2550 1667 2590 im-

177 2617 413 2666 peratorem
434 2610 612 2652 nostin'?
657 2610 779 2661 ‘Qui',
811 2608 915 2660 infit,
939 2613 1145 2649 ‘nosscere
1166 2608 1337 2663 possim,
1361 2621 1486 2662 quem
1507 2606 1665 2647 vidisse

179 2682 246 2708 me
284 2681 368 2707 non
407 2665 702 2708 meminerim?
751 2664 820 2705 Ad
858 2663 1076 2719 publicum
1116 2678 1228 2715 sane,
1267 2676 1361 2703 raro
1394 2675 1663 2717 quamquam,

180 2722 279 2763 dum
317 2722 520 2777 procedit,
552 2736 576 2762 a
614 2720 751 2776 longe,
796 2721 893 2775 quia
933 2726 1105 2775 propter
1143 2733 1320 2774 nequeo,
1352 2732 1446 2758 cum
1487 2717 1666 2769 intueor,

180 2777 370 2820 mirabile
393 2778 593 2833 quiddam
615 2784 656 2818 et
675 2791 760 2817 non
780 2775 994 2816 hominem
1016 2775 1157 2816 videre
1178 2774 1336 2815 videor.
1386 2773 1501 2813 Dare
1522 2778 1667 2814 autem

181 2922 209 2955 a)
232 2923 479 2953 babilioniaeque
504 2925 529 2947 1.
