1902 3200
348 275 647 309 LIUDPRANDI
672 275 901 307 HISTORIA
928 275 1146 307 OTTONIS.
1200 275 1351 306 15—16.
1518 273 1587 305 133

114 388 306 444 gulavit‘?
335 388 447 427 Data
467 385 523 425 X.
548 383 761 426 Kalendas
781 384 1029 425 Decembris
1051 391 1091 424 01
1111 384 1239 423 1111553
1259 398 1333 437 per
1352 384 1586 424 Adrianum
1600 393 1666 419 963.

115 442 367 485 cardinalem
387 440 678 495 presbiterum,
709 447 749 481 01
769 439 1045 481 Benedictum
1066 438 1318 479 cardinalem
1339 437 1586 479 diaconum'.

230 499 291 539 14.
323 497 408 548 Qui
429 510 525 536 cum
547 495 759 537 Tiberiml
780 496 1082 550 pervenissent,
1104 509 1199 536 eum
1219 508 1303 534 non
1322 494 1587 546 invenerunt3

112 554 374 610 pharetratus
405 552 515 592 cnim
545 551 587 591 in
619 550 870 606 campestria
906 551 990 591 iam
1028 550 1210 602 abierat,
1254 563 1331 590 nec
1364 549 1586 604 quisquam

114 615 214 660 erat,
246 608 318 663 qui
347 607 424 660 his,
454 607 526 648 ubi
557 607 647 662 ipsc
678 612 798 659 esset,
838 605 1023 646 indicare
1053 612 1206 660 posset.
1266 604 1460 659 Cumque
1491 619 1587 645 eum

112 664 298 706 invenire
326 677 411 703 non
440 669 623 718 possent,
654 676 749 702 cum
786 661 944 702 eisdem
981 660 1128 701 litteris
1165 659 1219 700 ad
1248 666 1436 700 sanctam
1468 674 1589 714 syno-

113 720 225 771 dum,
268 733 376 774 quae
416 724 516 758 tunc
555 718 676 759 tertio
716 722 778 758 est
816 716 970 768 habita,
1014 722 1111 757 sunt
1147 716 1315 757 reversi.
1374 715 1476 756 Mox
1516 716 1589 755 im-

110 782 278 830 perator
325 775 403 815 ait:
463 773 806 828 ‘Expectavimus
853 772 1084 813 adventum
1133 772 1243 823 eius,
1301 778 1348 812 ut
1394 777 1589 826 presente

111 845 173 882 eo,
205 829 305 886 quid
327 829 446 871 nobis
476 829 618 883 egerit,
649 843 933 883 quereremur,
964 842 1114 869 verum
1147 828 1347 882 quoniam
1376 841 1460 866 non
1491 841 1589 867 eum

111 885 356 926 adfuturum
397 891 508 926 certo
549 885 718 936 scimus,
751 899 876 939 quam
906 883 1065 938 perfide
1103 883 1326 923 nobiscum
1364 882 1507 937 egerit,
1543 889 1590 923 ut

111 940 334 996 diligenter
370 941 623 995 agnoscatis,
662 940 787 981 etiam
828 946 954 994 atque
989 940 1114 980 etiam
1148 937 1399 992 flagitamus.
1430 937 1589 978 Notum

109 998 250 1052 itaque
305 996 426 1037 vobis
480 995 659 1036 facimus
717 994 1062 1051 archiepiscopis,
1121 994 1331 1049 episcopis
1346 1001 1375 1046 ³,
1429 993 1587 1048 presbi-

109 1053 221 1104 teris,
271 1051 532 1104 diaconibus,
576 1050 839 1106 *reliquoque
883 1050 1006 1102 clero,
1049 1064 1213 1091 necnon
1259 1056 1299 1090 01
1349 1049 1728 1102 comitibus,·p.s45.

109 1107 332 1159 iudicibus,
364 1107 560 1162 omnique
581 1106 707 1162 plebi,
733 1106 845 1161 quod
866 1105 978 1147 idem
999 1105 1207 1146 Iohannes
1227 1119 1340 1160 papa
1361 1119 1587 1159 oppressus

108 1177 134 1203 a
162 1162 575 1217 Be1·engario·atque
604 1161 846 1215 Adelberto,
875 1160 1101 1202 rebellibus
1131 1161 1296 1213 nostris,
1327 1160 1442 1200 misit
1463 1158 1586 1200 nobis

107 1221 152 1258 in
182 1218 413 1259 Saxoniam
442 1218 622 1270 nuntios,
652 1231 819 1272 rogans,
857 1223 903 1257 ut
939 1216 992 1257 ob
1030 1230 1216 1257 amorem
1253 1215 1321 1257 dei
1349 1216 1393 1255 in
1421 1214 1586 1256 Italiam

108 1273 361 1324 veniremus,
393 1279 434 1313 01
463 1271 657 1314 0010513111
688 1273 823 1313 5311011
853 1272 967 1313 Petri
1005 1286 1055 1312 ac
1090 1286 1133 1313 se
1170 1272 1311 1327 ipsum
1347 1286 1400 1312 ex
1440 1285 1584 1312 eorum

107 1328 296 1369 faucibus
340 1328 627 1370 liberaremus.
699 1328 786 1368 Nos
836 1342 935 1369 vero
979 1327 1207 1368 adiuvante
1259 1326 1336 1368 deo
1382 1334 1584 1382 quantum

108 1384 344 1437 fecerimus,
374 1398 456 1424 non
489 1391 553 1425 est
580 1398 751 1425 necesse
782 1383 931 1436 dicere,
962 1390 1009 1424 ut
1037 1383 1389 1438 inpresentiarum
1418 1382 1584 1424 videtis.

108 1440 292 1495 Ereptus
320 1454 420 1481 vero
452 1454 547 1481 mea
577 1453 705 1494 opera
735 1455 789 1480 ex
810 1454 954 1480 eorum
975 1439 1183 1491 manibus,
1214 1446 1255 1480 et
1274 1439 1421 1479 honori
1443 1438 1584 1480 debito

107 1497 336 1549 restitutus,
374 1494 526 1537 oblitus
562 1495 785 1536 iuramenti
824 1502 864 1536 et
899 1494 1123 1547 fidelitatis,
1162 1509 1289 1550 quam
1326 1494 1428 1534 mihi
1459 1508 1586 1549 supra

108 1566 261 1607 corpus
301 1552 434 1592 sancti
473 1551 587 1592 Petri
623 1551 833 1606 promisit,
870 1551 1063 1591 eumdem
1093 1550 1369 1604 Adelpertum
1407 1550 1585 1590 Romam

109 1607 251 1648 venire
280 1607 391 1656 fecit,
421 1614 462 1648 et
491 1614 635 1648 contra
664 1622 730 1647 me
761 1605 960 1657 defendit,
992 1606 1216 1647 seditiones
1239 1605 1350 1658 fecit,
1383 1612 1423 1646 ct
1442 1606 1586 1646 viden-

109 1662 222 1704 tibus
251 1662 404 1703 nostris
435 1661 636 1704 militibus
673 1661 762 1702 dux
800 1660 899 1702 belli
937 1661 1086 1712 factus,
1123 1661 1254 1702 lorica
1290 1668 1331 1702 et
1366 1659 1486 1716 galea
1524 1668 1587 1702 est

108 1717 296 1770 indutus3
337 1717 449 1773 quod
495 1733 620 1772 super
649 1718 728 1772 hoc
764 1724 909 1758 sancta
947 1717 1134 1773 synodus
1173 1716 1382 1769 decernat,
1424 1717 1585 1758 edicat'.

109 1773 178 1814 Ad
217 1772 321 1815 11300
356 1773 537 1814 Romani
576 1773 796 1828 pontifices
835 1773 1106 1828 reliquusque
1150 1772 1286 1814 clerus
1329 1780 1370 1813 et
1410 1778 1584 1813 cunctus

111 1828 291 1885 populus
330 1829 653 1884 responderunt:
699 1828 953 1869 ι111311111111111
990 1828 1144 1869 vulnus
1181 1827 1368 1868 inaudito
1399 1834 1462 1868 051
1491 1842 1585 1868 0311-

109 1886 212 1927 terio
257 1884 532 1926 exurendum.
593 1885 638 1925 Si
682 1885 891 1939 corruptis
935 1882 1122 1924 moribus
1167 1883 1242 1924 soli
1285 1882 1378 1936 sibi,
1424 1890 1465 1925 et
1502 1898 1585 1924 non

110 1941 272 1982 cunctis
303 1941 479 1992 obesset,
511 1955 681 1996 quoquo
712 1940 864 1981 modoh
895 1939 1135 1981 tolerandus
1155 1946 1275 1981 esset.
1334 1940 1450 1992 Quot
1468 1940 1585 1994 prius

109 1996 213 2038 casti
240 1995 364 2037 huius
401 1996 499 2037 facti
534 2003 631 2037 sunt
668 1995 900 2037 imitatione
936 1995 1115 2037 incesti?
1159 1995 1274 2047 Quot
1308 1995 1432 2050 probi
1461 1995 1584 2036 huius

108 2051 305 2108 exemplo
336 2052 663 2093 conversationis
694 2059 790 2093 sunt
817 2050 1018 2107 reprobi?
1047 2051 1236 2092 Petimus
1258 2051 1401 2106 itaque
1422 2052 1584 2106 magni-

110 2108 300 2150 tudinem
339 2109 507 2164 imperii
544 2108 690 2159 vestri,
735 2113 996 2148 monstrumc
1039 2106 1142 2148 illud
1180 2105 1296 2148 nulla
1332 2107 1484 2148 virtute
1522 2110 1612 2148 re-'

110 2163 328 2220 demptum
358 2179 383 2204 a
411 2164 535 2215 vitiis,
566 2178 590 2203 a
621 2170 763 2205 sancta
800 2163 990 2204 Romana
1027 2162 1180 2205 eclesia
1217 2161 1328 2218 pelli,
1370 2148 1610 2218 aliumque}

109 2219 201 2261 loco
232 2220 320 2260 01115
351 2219 556 2271 constitui,
591 2219 662 2275 qui
691 2219 812 2261 nobis
850 2217 1043 2273 exemplo
1078 2219 1214 2260 bonae
1254 2219 1584 2260 conversationts

108 2290 276 2330 preesse
307 2274 442 2316 valeat
471 2281 511 2316 01
539 2275 756 2329 prodesse,
788 2275 866 2316 sibi
896 2282 1008 2316 recte
1036 2275 1164 2327 vivat,
1201 2288 1250 2315 30
1278 2275 1385 2316 bene
1413 2274 1583 2316 vivendi

106 2331 229 2372 nobis
260 2329 500 2386 exemplum
531 2330 727 2384 prebeat'.
786 2330 906 2371 Tunc
936 2331 1180 2386 imperator:
1225 2329 1404 2383 ‘Placet’,
1434 2330 1580 2385 inquit,

109 2386 236 2442 ‘quod
266 2387 420 2438 dicitis,
449 2386 635 2441 nihilque
664 2386 821 2441 gratius
851 2387 985 2439 nobis,
1018 2401 1144 2442 quam
1174 2393 1221 2427 ut
1250 2386 1355 2437 talis,
1386 2386 1457 2441 qui
1482 2385 1580 2426 huic

110 2448 277 2484 sanctae
308 2449 349 2483 01
377 2442 605 2483 universali
634 2441 722 2483 sedi
751 2448 1020 2498 preponatur,
1050 2442 1229 2483 inveniri
1259 2442 1414 2497 possit’.

223 2497 301 2539 15,
340 2498 419 2538 His
462 2498 604 2549 dictis,
650 2513 793 2539 omnes
837 2512 921 2538 una
963 2512 1067 2539 voce
1111 2497 1327 2539 dixerunt:
1368 2497 1579 2549 ‘Leonem,
1595 2508 1665 2541 (11.)

109 2553 392 2595 venerabilem
416 2561 582 2596 sanctae
598 2554 811 2594 Romanae
835 2554 1007 2595 eclesiae
1024 2553 1422 2609 protoscriniarium,
1443 2553 1579 2592 virum

110 2609 389 2665 approbatum
419 2616 459 2651 01
487 2609 542 2650 ad
571 2624 780 2650 summum
802 2609 1023 2651 sacerdotii
1043 2609 1221 2664 gradum
1243 2608 1430 2663 dignum,
1459 2608 1580 2649 nobis

110 2666 153 2705 in
182 2672 393 2720 pastorem
423 2665 627 2720 eligimus,
656 2672 704 2706 ut
733 2679 918 2705 summus
939 2672 980 2706 et
1000 2664 1246 2705 universalis
1275 2678 1385 2718 papa
1412 2670 1580 2705 53110130

110 2721 324 2761 Romanae
365 2720 550 2774 eclesiae,
589 2719 813 2776 reprobato
859 2719 911 2760 ob
957 2720 1171 2775 improbos
1215 2733 1350 2760 mores
1396 2719 1579 2761 Iohanne

110 2777 336 2832 apostata''!
370 2776 562 2832 Cumque
591 2776 671 2817 hoc
701 2776 821 2817 tertio
853 2790 996 2816 omnes
1027 2775 1242 2828 dixissent,
1272 2782 1482 2817 annuente
1506 2775 1578 2816 im-

110 2859 140 2893 3)
163 2868 216 2885 vox
237 2860 308 2884 deest
332 2861 357 2885 1.
381 2860 407 2886 2.
429 2861 478 2885 rel.
558 2860 588 2893 b)
612 2860 680 2885 mod
704 2861 729 2886 1.
810 2859 836 2892 c)
859 2863 1010 2884 montrum
1034 2861 1059 2884 1.

111 2922 147 2965 1)
173 2924 251 2956 Non
279 2924 420 2955 fluvium
447 2924 509 2956 sed
537 2924 702 2967 oppidum
731 2923 826 2964 dicit,
855 2923 946 2965 quod
974 2923 1078 2955 hodie
1107 2922 1220 2954 Tivoli
1249 2922 1457 2965 appellatur.
