1902 3168
429 229 732 268 *LIUDPRANDI
759 228 1101 261 ANTAPODOSIS.
1153 230 1246 262 LIB.
1276 232 1303 262 Ι.
1358 233 1411 263 12.
1626 237 1664 265 ll

188 353 283 379 eum
314 339 474 390 eodem,
510 337 577 378 die
610 337 793 392 quadam
825 352 907 393 quo
939 338 1027 378 XII
1056 340 1276 379 memorati
1315 339 1532 382 loethoeol
1575 359 1665 385 sese
1680 356 1843 382 886—912.

187 394 400 446 dederant,
430 394 703 449 pervenisset,
742 392 856 447 ligno
896 393 1075 440 modico,
1116 401 1162 434 ut
1196 409 1278 434 non
1309 395 1540 439 incallidus.
1572 400 1665 439 ostii

185 448 355 505 pessulo
386 449 575 504 proiecto
605 448 868 503 ingrediendi
907 447 987 488 sibi
1027 448 1188 488 aditum
1218 448 1398 503 prebuit.
1457 452 1665 494 Undecim

186 519 288 545 vero
318 504 636 556 dormientibus,
668 510 715 545 ut
743 517 810 544 ars
840 511 972 544 artem
1002 503 1162 544 falleret
1192 503 1466 545 duodecimus
1488 509 1665 561 pervigil

186 566 358 601 stertere
375 574 452 600 ceu
469 559 679 600 dormiens
697 566 876 615 ceperat,
898 559 1224 613 *contractisque
1246 560 1288 599 in
1308 559 1449 600 fatiem
1471 562 1665 614 brachiis,
1682 580 1809 613 '1›-2⁷9·

185 621 320 656 totum
364 615 476 670 quod
518 615 751 670 imperator
793 614 950 655 faceret
993 613 1312 668 diligentissime
1362 616 1666 658 considerabat.

185 670 407 722 Ingressus
437 670 563 724 igitur
596 671 837 725 imperator,
876 670 976 710 dum
1017 669 1253 711 obdormire
1294 678 1467 711 cunctos
1508 674 1666 728 perspi—

186 733 311 778 ceret,
341 740 565 766 aureorum
594 726 945 767 numismatorum
976 724 1126 766 libram
1156 727 1317 779 pectori
1338 727 1666 783 uniuscuiusque

183 795 210 821 a
242 782 433 836 posuit23
464 796 649 836 moxque
680 780 787 822 013111
817 795 1044 835 regressus,
1087 782 1251 832 ostium,
1293 787 1340 822 ut
1372 782 1488 836 prius
1519 782 1667 833 fuerat,

185 850 208 876 0
225 837 346 877 ausit.
414 837 478 877 Eo
518 844 659 878 autem
698 836 777 877 1100
818 838 916 891 egit,
958 836 1154 888 quatinus
1196 837 1341 877 exitati
1382 844 1420 878 et
1458 837 1510 879 de
1550 837 1666 879 lucro

184 891 520 947 gratularentur,
570 906 619 932 30
663 891 842 947 qualiter
884 891 964 932 1100
1012 891 1225 932 accideret
1267 906 1351 932 non
1399 893 1669 935 mediocriter

183 948 447 988 mirarentur.
506 947 703 1002 Denique
734 947 975 988 discedente
1016 947 1280 1002 imperatore,
1322 948 1392 1003 qui
1423 948 1525 1003 vigil
1556 949 1667 990 solus

183 1003 380 1044 extiterat
409 1004 604 1054 surrexit,
644 1002 1025 1057 dormientiumque
1064 1017 1259 1043 nummos
1290 1017 1438 1044 aureos
1478 1003 1558 1044 sibi
1597 1005 1667 1045 ad-

184 1058 366 1113 sumpsit
394 1064 521 1112 atque
550 1058 760 1112 reposuit,
800 1063 947 1112 postea
977 1071 1077 1097 vero
1109 1058 1240 1112 quieti
1279 1073 1370 1098 sese
1401 1058 1528 1100 dedit.
1588 1060 1668 1100 Im-

183 1120 354 1167 perator
391 1113 520 1168 igitur
557 1127 634 1167 pro
674 1113 755 1153 hoc
793 1112 891 1153 ludo
932 1111 1149 1165 sollicitus,
1193 1120 1290 1168 post
1327 1127 1482 1154 nonam
1521 1115 1667 1156 horam

184 1168 275 1209 XII
304 1168 381 1208 hos
413 1182 518 1223 quos
556 1168 869 1209 nominavimus
909 1168 964 1208 ad
1004 1182 1047 1208 se
1087 1169 1229 1209 venire
1270 1170 1473 1224 precepit,
1513 1185 1668 1226 eosque

183 1224 244 1264 ita
273 1225 490 1264 convenit:
520 1223 581 1265 ‘Si
610 1223 716 1265 forte
744 1229 931 1265 vestrum
962 1224 1205 1278 quempiam
1237 1226 1387 1265 somnii
1409 1226 1515 1266 visio
1536 1227 1668 1268 deter-

184 1279 268 1320 ruit
296 1286 368 1320 aut
396 1278 570 1320 hilarem
600 1278 795 1331 reddidit,
820 1284 866 1319 ut
894 1279 938 1319 in
967 1279 1154 1320 medium
1193 1279 1389 1334 proferat,
1430 1295 1523 1321 mea
1553 1281 1669 1323 iubet

184 1335 432 1387 auctoritas,
472 1349 551 1375 1100
581 1335 721 1375 111111115
752 1335 879 1376 etiam
910 1335 945 1375 si
977 1334 1078 1389 quid
1107 1336 1304 1376 novitatis
1345 1336 1666 1391 expergefactus

185 1390 408 1445 quisquam
437 1389 559 1442 vidit,
600 1398 646 1431 ut
685 1390 867 1445 detegat,
900 1391 1104 1445 imperat⁷.
1163 1390 1221 1430 Hi
1262 1392 1425 1446 itaque,
1468 1393 1667 1447 quemad-

184 1445 358 1486 modum
385 1445 489 1486 nihil
527 1445 733 1497 viderant,
774 1445 834 1485 nil
863 1460 906 1486 se
936 1446 1092 1486 vidisse
1121 1447 1424 1501 responderant
1438 1448 1467 1487 ὓ.
1526 1449 1665 1503 Magis

183 1507 325 1542 autem
356 1516 483 1556 super
520 1501 601 1542 1100
640 1501 848 1554 admira-ti,
891 1501 1143 1542 ‘conticuere
1182 1502 1412 1557 intentique
1454 1510 1665 1545 01310110-

180 1554 295 1596 bant⁷
309 1564 336 1596 ².
398 1558 582 1612 §perans
620 1557 750 1611 igitur
785 1557 1035 1611 imperator,
1066 1556 1141 1597 hos
1172 1571 1255 1597 non
1296 1561 1356 1598 rei
1395 1559 1560 1600 inscitia
1591 1560 1665 1601 sed

181 1610 406 1653 callidi-tate
436 1611 577 1667 aliqua
606 1612 794 1664 reticere,
827 1620 1079 1652 suscensusc
1110 1620 1173 1654 est
1202 1620 1247 1653 ut
1268 1614 1340 1668 qui
1362 1615 1509 1668 magis,
1537 1616 1664 1670 cepit-

180 1681 261 1722 que
297 1667 496 1708 nonnulla
525 1667 727 1708 terribilia
769 1667 1041 1708 reticentibus
1087 1668 1346 1709 comminari.
1421 1670 1546 1721 Quod
1592 1671 1664 1726 qui

178 1723 367 1763 omnium
408 1724 601 1764 conscius
642 1728 731 1763 er‘at
769 1729 816 1763 ut
854 1723 1027 1775 audivit,
1072 1723 1312 1764 huiusmodi
1351 1724 1583 1765 humillima
1623 1733 1664 1767 et

177 1777 361 1833 supplici
405 1792 510 1819 voce
553 1779 850 1833 imperatorem
896 1779 1118 1819 convenit:
1164 1782 1441 1833 (φιλανθροπε
1483 1785 1662 1834 βασιιλευ,

176 1833 427 1889 filanthrope
464 1833 648 1885 vasileu',
680 1832 723 1874 id
759 1839 821 1874 est
852 1832 1165 1874 ‘humanissime
1197 1835 1445 1889 imperator,
1486 1836 1528 1876 hi
1560 1837 1663 1891 qnid

176 1889 373 1941 viderint,
412 1889 576 1942 nescio,
618 1904 696 1943 ego
725 1895 867 1929 tamen
898 1888 1158 1939 delectabile,
1200 1897 1326 1943 atque
1356 1891 1517 1932 utinam
1549 1891 1662 1947 quod

176 1959 382 2001 persaepe
411 1944 514 1985 mihi
544 1946 818 1999 contingeret,
850 1945 1059 1985 somnium
1089 1945 1188 1985 vidi.
1239 1944 1450 1987 Undecim
1481 1947 1544 1987 his
1566 1962 1661 1988 0011-

177 2002 311 2042 servis
354 2001 458 2041 meis
501 1999 626 2041 hodie
670 2015 769 2042 vere
814 2000 917 2041 sedd
962 2015 1048 2041 non
1091 2006 1296 2056 oportune
1341 2001 1659 2055 dormientibus,

176 2056 293 2097 visus
324 2071 430 2109 sum,
463 2057 584 2110 quasi
613 2071 698 2097 non
728 2056 954 2108 dormiens,
986 2054 1172 2110 vigilare.
1232 2057 1345 2098 Ecce
1374 2064 1516 2099 autem
1547 2073 1660 2114 mag-

175 2110 323 2153 nitudo
353 2112 521 2166 imperii
551 2112 611 2152 tui
642 2112 761 2167 quasi
793 2110 955 2152 occulte
985 2113 1138 2153 ostium
1168 2127 1370 2164 reserans,
1402 2112 1660 2155 clanculum-

178 2181 261 2222 que
303 2167 517 2222 ingressa,
561 2166 712 2207 libram
755 2167 847 2207 auri
885 2166 1082 2222 adposuit
1121 2181 1248 2222 supra
1287 2173 1434 2223 pectus
1476 2171 1662 2210 omnium

176 2228 379 2263 nostrum.
426 2222 620 2278 Cumque
650 2223 874 2277 imperium
904 2228 1022 2262 tuum
1054 2224 1174 2277 quasi
1203 2223 1418 2279 repedare,
1449 2226 1661 2280 sotiosque

175 2277 257 2318 hac
287 2279 331 2318 in
360 2278 521 2319 visione
552 2293 767 2319 cernerem
797 2277 1036 2331 dormitare,
1067 2279 1265 2319 continuo
1297 2293 1374 2320 ceu
1402 2279 1509 2321 letus
1540 2295 1661 2321 exur-

176 2347 294 2388 gens,
333 2334 530 2375 undecim
561 2333 858 2375 dormientium
898 2347 1121 2375 aureorum
1151 2335 1501 2376 numismatorum
1532 2335 1660 2377 libras

175 2388 264 2442 tuli,
294 2404 474 2444 meoque
505 2390 549 2429 in
577 2389 805 2444 marsupio,
836 2389 880 2429 in
901 2403 984 2444 quo
1006 2403 1089 2429 una
1111 2396 1212 2442 erat,
1243 2392 1436 2446 apposui,
1466 2392 1659 2446 quatinus

178 2443 231 2485 ob
261 2445 638 2500 transgressionem
668 2443 871 2500 decalogi,
902 2459 954 2485 ne
985 2444 1120 2485 solum
1151 2454 1291 2487 essent
1321 2446 1397 2498 XI,
1430 2462 1574 2488 verum
1606 2446 1660 2487 ad

176 2501 421 2541 memoriam
451 2500 738 2556 apostolorum
768 2514 861 2541 mea
892 2514 975 2540 una
1005 2500 1192 2541 adhibita
1223 2508 1360 2541 essent
1390 2503 1539 2556 etipse
1558 2502 1658 2542 XII.

176 2555 297 2597 Visio
327 2556 443 2609 haec,
484 2558 713 2611 imperator
752 2562 943 2610 auguste,
984 2556 1142 2596 bonum
1173 2557 1236 2606 sit,
1273 2571 1404 2611 usque
1436 2557 1560 2598 modo
1592 2572 1658 2598 me

176 2694 206 2726 a)
230 2695 371 2726 adposuit
398 2702 472 2719 corr.
501 2695 643 2727 apposuit
667 2696 693 2719 1.
834 2692 864 2725 b)
885 2694 924 2718 ita
949 2695 972 2719 1.
1112 2692 1138 2724 c)
1162 2700 1324 2718 succensus
1353 2700 1427 2720 corr.
1448 2701 1608 2719 suscensus
1634 2696 1658 2721 1.

177 2734 208 2766 d)
231 2738 275 2759 set
295 2742 369 2759 corr.
393 2735 446 2760 sed
471 2735 494 2759 1.

180 2849 217 2894 1)
243 2853 267 2883 i.
296 2862 325 2884 e.
354 2862 486 2884 somno.
590 2851 630 2893 2)
660 2851 765 2893 Verg.
792 2851 879 2883 Aen.
910 2849 960 2888 II,
990 2849 1020 2880 1.
