1902 3200
260 208 559 241 LIUDPRANDI
584 205 929 239 ANTAPODOSIS.
981 206 1074 239 LIB.
1102 207 1150 239 II.
1204 208 1357 240 66-69.
1507 210 1550 241 51

71 319 190 370 ricia,
221 319 318 359 dato
355 317 558 359 victoriae
595 317 729 372 signo,
760 315 954 370 colligere
985 315 1120 370 spolia
1149 318 1409 371 satagebant,
1453 334 1632 362 011111023.

70 373 320 415 Bonefacius
359 380 485 428 atque
517 371 761 424 Gariardus,
797 371 935 412 subito
973 386 1027 412 ex
1062 371 1226 411 insidiis
1264 380 1551 427 properantes,

69 429 145 469 hos
175 435 291 469 tanto
327 427 460 469 levius
500 433 656 483 quanto
695 427 952 481 inopinatius
991 426 1241 468 sautiabant.
1299 428 1553 482 Pepercerat

69 483 303 525 Gariardus
324 482 546 535 nonnullis,
576 482 696 525 hasta
716 496 787 523 eos
817 487 858 523 et
876 496 960 522 non
990 481 1099 522 ferro
1129 482 1388 536 percutiens,
1419 483 1553 524 Bonc-

67 538 192 580 fatius
212 553 312 579 vero
334 537 436 579 nulli
454 552 644 593 parcens,
675 538 909 578 inmensam
939 537 1096 578 fecerat
1118 542 1312 591 stragem.
1373 538 1554 593 Signum

67 595 208 648 itaque
238 594 440 635 victoriae
470 593 724 634 Bonefacius
752 599 990 647 concrepat,
1022 593 1363 647 conveniuntque
1396 594 1469 648 qui
1500 608 1553 634 cx

67 648 236 690 Rodulfi
253 656 371 704 parte
388 649 652 704 aufugerant,
670 653 1055 704 persequentesque
1073 648 1390 703 berengaricos,
1409 649 1555 702 fugam

66 703 159 745 illos
195 705 300 745 inire
340 705 560 759 cogebant.
618 704 901 758 Bercngarius
942 718 1042 744 vero
1079 703 1133 744 ad
1171 718 1255 744 non
1293 705 1553 759 incognitum

67 759 260 801 Veronae
291 761 479 815 perrexit
508 759 659 801 asilum
677 768 702 800 ¹.
753 759 890 800 Tanta
921 759 1079 814 quippe
1109 765 1211 800 tunc
1241 760 1555 801 interfectorum

66 821 226 912 {trfiges
255 815 366 856 facta
397 823 477 869 est,
519 822 565 856 ut
602 815 781 857 militum
812 829 948 870 usque
979 814 1104 856 hodie
1143 829 1376 870 permagna
1405 815 1555 857 raritas

81 885 119 912 ia
152 878 309 912 eatm·2.

177 939 243 980 67.
288 938 368 978 His
408 938 467 979 ita
501 938 707 994 peractis,
747 952 922 992 regnum
954 938 1035 979 sibi
1064 952 1140 978 rex
1169 937 1377 978 Rodulfus
1408 944 1555 992 poten-

64 994 225 1035 tissime
247 992 502 1048 subiugavit,
524 994 787 1048 Papiamque
809 993 971 1034 concite
992 994 1178 1044 veniens,
1200 994 1554 1048 congregatisque

67 1047 285 1089 omnibus:
317 1047 570 1101 ‘Quoniam⁷,
601 1049 750 1103 inquit,
792 1049 979 1103 ‘superni
1009 1049 1195 1088 muneris
1225 1047 1419 1103 largitate
1449 1048 1553 1089 mihi

65 1104 242 1159 contigit
278 1102 455 1156 devictis
485 1103 678 1145 hostibus
708 1104 828 1156 regni
869 1102 1018 1143 solium
1057 1103 1255 1159 adipisci,
1295 1117 1407 1144 nunc
1437 1103 1555 1144 cordi

65 1165 140 1212 est,
171 1165 335 1201 vestrae
365 1174 431 1200 me
462 1174 641 1214 regnum
663 1158 857 1200 Italicum
888 1157 987 1199 fidei
1017 1158 1325 1211 commendare,
1357 1158 1553 1214 Burgun-

65 1214 265 1270 diamque
295 1215 476 1269 patriam
507 1223 692 1256 veterem
721 1213 884 1255 visere'.
945 1213 1027 1254 Cui
1057 1229 1159 1255 mox
1189 1214 1432 1256 Italienses:
1493 1214 1552 1256 ‘Si

65 1269 227 1312 bonum
256 1270 358 1323 tibi’,
389 1270 598 1325 inquiunt,
632 1269 823 1322 ‘videtur,
853 1276 995 1324 presto
1027 1272 1198 1311 sumus'.

175 1338 241 1380 68.
286 1338 423 1393 Igitur
451 1345 547 1393 post
576 1336 746 1379 Rodulfi
774 1338 885 1392 regis
915 1337 1174 1390 abscessum,
1205 1336 1314 1378 malo
1336 1337 1633 1378 veronen-924.

64 1408 129 1435 ses
150 1402 325 1449 accepto
348 1392 535 1446 consilio,
553 1394 664 1435 vitae
685 1393 875 1433 insidiari
895 1392 1145 1447 Ber-engarii
1168 1392 1418 1446 moliuntur,
1437 1392 1551 1449 quod

62 1449 369 1504 Berengarium
390 1464 474 1490 non
503 1448 635 1491 latuit.
695 1449 802 1490 Tam
833 1449 923 1489 sevi
949 1454 1090 1489 autem
1111 1455 1258 1490 auctor
1286 1463 1336 1489 ac
1364 1456 1554 1504 repertor

29 1558 32 1559 ⁷
63 1505 260 1546 facinoris
296 1505 564 1547 Flambertus
607 1504 780 1560 quidam
821 1510 931 1556 erat,
973 1519 1099 1559 quein
1135 1504 1227 1557 sibi,
1269 1505 1469 1560 quoniam
1500 1519 1554 1546 ex

64 1568 333 1602 sacrosancto
365 1561 478 1602 fonte
509 1559 642 1601 filium
663 1561 753 1601 eius
776 1566 1032 1614 susceperat,
1064 1567 1323 1615 compatrem
1353 1575 1429 1601 rex
1459 1560 1553 1602 effe-

64 1623 182 1657 cerat
193 1625 223 1657 ³.
282 1616 425 1657 Pridie
465 1630 567 1657 vero
606 1630 734 1671 quam
764 1621 990 1671 pateretur,
1031 1615 1213 1656 eundem
1255 1615 1308 1656 ad
1340 1630 1384 1657 se
1413 1615 1552 1657 Flam-

64 1673 230 1714 bertum
259 1673 404 1713 venire
435 1672 636 1727 precepit.
697 1670 778 1712 Cui
809 1678 850 1712 et
879 1670 956 1711 ait:

175 1740 241 1781 69.
287 1740 347 1781 ‘Si
381 1739 484 1780 mihi
520 1741 661 1780 tecum
698 1738 900 1779 hactenus
937 1752 1022 1778 non
1061 1745 1102 1779 et
1140 1737 1296 1779 multae
1338 1746 1378 1779 et
1416 1739 1550 1780 iustae
1566 1758 1638 1792 (19.)

64 1795 243 1836 causaeb
284 1794 439 1836 amoris
478 1801 641 1847 essent,
681 1808 853 1849 quoquo
892 1793 1033 1845 modo,
1072 1808 1154 1848 que
1185 1793 1237 1834 de
1267 1799 1308 1835 te
1340 1793 1552 1847 dicimtur,

67 1850 207 1891 credic
236 1857 421 1906 possent.
479 1848 677 1890 Insidjari
706 1856 747 1890 te
776 1850 887 1890 vitae
918 1863 1037 1890 meae
1067 1849 1206 1901 aiunt,
1246 1848 1320 1890 sed
1359 1864 1443 1890 non
1474 1864 1553 1904 ego

66 1905 261 1948 credulus
290 1905 407 1947 illis⁴.
451 1905 695 1947 Meminisse
725 1910 866 1945 autem
896 1911 937 1945 te
967 1904 1076 1957 volo,
1108 1911 1449 1961 quantecumque
1477 1905 1556 1947 tibi

65 1962 328 2004 accessiones
359 1967 400 2003 et
428 1961 621 2002 fortunae
652 1966 692 2002 et
722 1960 937 2015 dignitatis
967 1960 1142 2014 fuerint,
1184 1975 1255 2001 eas
1295 1966 1334 2002 te
1364 1975 1450 2001 non
1478 1975 1553 2016 po-

65 2018 195 2059 tuisse
225 2018 308 2058 nisi
337 2018 441 2058 meis
470 2016 688 2059 beneficiis
720 2016 933 2071 consequi.
992 2015 1117 2057 Unde
1158 2023 1199 2057 et
1227 2016 1307 2057 hoc
1338 2017 1479 2057 animo
1510 2017 1554 2057 in

64 2087 141 2114 nos
171 2087 262 2114 esse
293 2072 434 2126 debes,
464 2078 511 2113 ut
539 2072 723 2127 dignitas
753 2086 848 2112 mea
878 2072 922 2111 in
951 2086 1094 2112 amore
1125 2078 1251 2127 atque
1280 2072 1324 2112 in
1354 2071 1555 2113 fidelitate

65 2135 138 2170 tua
169 2129 475 2184 conquiesscat.
534 2128 683 2184 Neque
713 2142 813 2169 vero
849 2127 1049 2182 cuiquam
1080 2127 1255 2169 salutem
1286 2141 1336 2168 ae
1364 2127 1555 2169 fortunas

65 2198 163 2225 suas
193 2191 333 2226 tantae
354 2198 479 2225 curae
503 2183 633 2225 fuisse
653 2198 855 2238 umquam
876 2189 993 2238 puto,
1024 2183 1171 2238 quanti
1191 2182 1294 2224 mihi
1322 2183 1402 2224 fuit
1421 2184 1554 2224 honos

65 2246 175 2281 tuus.
233 2239 284 2280 In
324 2254 407 2295 quo
443 2254 539 2280 mea
580 2239 721 2280 omnia
756 2238 913 2290 studia,
953 2253 1120 2279 omnem
1159 2253 1352 2294 operam,
1395 2254 1551 2292 euram,

64 2295 330 2347 industriam,
363 2296 664 2350 cogitationem
694 2294 819 2335 huius
850 2294 1035 2335 civitatis
1066 2308 1232 2336 omnem
1262 2295 1350 2335 fixi.
1410 2295 1553 2336 Unum

66 2350 146 2392 hoc
177 2350 237 2392 sic
269 2350 446 2392 habeto:
478 2351 512 2392 si
542 2365 567 2390 a
596 2357 636 2392 te
656 2350 761 2390 mihi
781 2356 992 2391 servatam
1021 2349 1149 2392 fidem
1179 2349 1438 2403 intellexero,
1468 2364 1552 2390 non

65 2406 169 2447 mihi
208 2412 294 2447 tam
331 2421 426 2447 mea
464 2405 577 2448 salus
616 2420 734 2458 cara,
781 2419 908 2461 quam
950 2406 1086 2460 pietas
1131 2407 1209 2447 erit
1250 2406 1293 2446 in
1337 2405 1554 2447 referenda

66 2462 204 2517 gratia
233 2461 442 2503 iucunda’.

65 2587 95 2621 a)
117 2589 291 2620 berengarii
315 2591 340 2614 1.
422 2587 453 2620 b)
477 2595 546 2613 case
569 2590 594 2614 1.
677 2587 703 2619 c)
727 2588 809 2622 credi
833 2589 856 2611 1.

69 2692 104 2735 1)
134 2694 187 2726 Cf.
221 2693 264 2726 de
299 2695 506 2736 Berengarii
541 2698 634 2726 sorte
672 2693 892 2725 Constantia.
944 2693 1000 2724 De
1037 2692 1129 2724 adm.
1165 2694 1248 2735 imp.
1276 2703 1305 2725 c.
1336 2692 1392 2732 26,
1419 2704 1453 2735 p.
1483 2692 1549 2723 116

68 2741 124 2774 ed.
160 2742 313 2774 Bekker.
416 2742 453 2785 2)
491 2742 545 2775 Cf.
573 2741 768 2774 Flodoardi
793 2741 883 2773 Ann.
912 2741 1003 2772 923:
1039 2742 1100 2773 ubi
1136 2741 1231 2773 mille
1269 2742 1453 2783 quingenti
1485 2742 1551 2772 viri

68 2790 240 2823 cecidisse
269 2791 442 2824 dicuntur.
526 2791 565 2832 3)
595 2790 817 2823 Constantin.
844 2789 910 2821 1.1.
940 2785 1135 2822 ἀπέκτεινεν
1163 2786 1269 2822 αὐτὸν
1296 2785 1551 2834 Φαλάμβερῖος

65 2835 84 2871 ὁ
114 2835 293 2879 σι’·ιτεκιὉς
321 2835 442 2872 αὐτοῦ.
543 2838 581 2881 4)
609 2839 716 2881 Verg.
744 2838 821 2870 Ecl.
850 2838 911 2878 IX,
940 2838 996 2870 34.

1200 2905 1242 2935 4.
