1902 3200
228 233 528 267 LIUDPRANDI
556 231 902 264 ANTAPODOSIS.
954 232 1047 263 LIB.
1076 232 1138 264 IV.
1191 234 1244 265 26.
1434 235 1478 266 93

0 344 221 398 prophetas
266 343 318 384 de
362 341 447 382 filio
497 341 690 381 hominis.
763 341 972 382 Tradetur
1016 341 1127 382 enim
1177 341 1386 395 gentibus,
1437 352 1476 384 et
1493 357 1559 384 939.

0 398 206 451 illudetur,
237 406 277 440 et
307 395 599 452 flagellabitur,
631 403 672 437 et
703 402 972 452 conspuetur,
1011 402 1051 437 et
1081 403 1307 452 postquam
1337 397 1473 452 flagel-

0 452 182 506 laverint,
213 453 406 494 occident
436 466 546 504 eum,
586 458 627 492 et
667 450 733 493 die
764 452 892 492 tercia
931 453 1149 505 resurget'.
1216 450 1305 492 Cur
1335 453 1476 507 itaque

0 524 90 550 eum
110 509 390 554 resurrexisse
411 505 593 554 dubitas,
624 522 721 548 cuin
742 506 940 561 gentibus
960 507 1174 559 traditum,
1205 506 1475 561 flagellatum,

0 571 263 619 consputum,
294 562 563 614 crucifixum,
595 563 703 603 sicut
731 562 985 616 predixerat,
1030 561 1208 603 videas?
1266 561 1393 602 Haud
1423 563 1476 603 ab

0 634 39 660 re
69 625 143 671 est,
175 619 289 674 quod
320 619 447 659 deum
477 624 597 658 tuum
623 618 817 659 manibus
839 618 1021 673 propriis
1042 623 1222 658 tractare
1243 617 1476 658 contendis.

0 673 90 729 [pse
119 688 304 730 namque
331 689 409 715 rex
438 681 591 724 noster,
632 674 705 728 qui
742 680 837 714 ante
875 672 1019 714 secula
1050 679 1247 728 operatus
1278 679 1340 713 est
1371 672 1663 727 salll-Ps.73,12‚

0 735 76 770 :em
104 730 148 770 in
178 730 318 771 medio
347 737 495 781 terrae,
526 730 599 784 qui
628 729 746 770 novit
767 730 908 770 onmia
927 736 1155 783 antequam
1176 728 1291 781 fiant,
1323 728 1477 769 multos

0 783 230 827 oreviderat
258 786 338 827 hoc
370 799 508 826 errore
538 785 758 838 perituros,
789 791 836 825 ut
863 791 925 825 est
950 785 1187 825 misericors
1209 791 1249 826 et
1270 782 1476 826 clemens:

0 832 139 893 Infer',
185 841 256 893 ait,
302 840 496 896 ‘digitum
540 840 636 891 huc,
683 846 723 880 et
766 840 882 881 mitte
921 855 1094 881 manum
1135 846 1252 880 tuam
1290 840 1333 880 in
1368 838 1477 881 latus
1493 848 1557 874 Ioh.
1574 850 1685 882 εκεῖ,

0 909 145 948 sneum,
177 904 218 938 et
247 896 333 937 noli
363 910 452 937 esse
483 894 738 947 incredulus,
769 895 843 936 sed
873 895 1034 937 fidelis’.
1073 895 1262 946 Ἐξαύδα
1285 897 1329 936 δε
1358 896 1476 946 Θομά
1507 923 1511 944 4

0 949 88 1003 ἷιγιε,
120 951 287 993 exauda
318 951 369 993 de
401 951 541 992 thoma
563 951 670 1005 agie,
704 950 818 1006 quod
839 957 902 992 ost
923 950 1122 992 confitere
1151 958 1291 992 autem
1313 951 1480 991 Thoma
1508 946 1509 969 ³

0 1012 147 1058 sancte,
180 1014 221 1048 et
249 1014 323 1047 tua
352 1006 565 1047 dubietate
598 1020 720 1047 omne
742 1014 932 1047 nostrum
963 1005 1143 1060 exclude
1173 1005 1477 1060 amphibolum.

0 1061 241 1114 Dominus,
273 1063 422 1116 inquit,
456 1066 587 1115 ‘meus
619 1067 659 1101 et
688 1061 793 1102 deus
823 1064 968 1102 meus'.
1015 1064 1052 1102 ()
1085 1061 1335 1116 ambiguum
1365 1062 1478 1101 omni

0 1115 113 1157 ‚aude
144 1116 463 1172 dignissimum!
496 1117 534 1157 Ο
566 1115 744 1157 dubium
775 1117 938 1158 cunctis
969 1115 1121 1157 seculis
1152 1116 1476 1171 predicandum!

0 1170 37 1213 Si
66 1177 113 1212 tu
142 1187 228 1213 non
257 1171 486 1224 dubitares,
532 1186 616 1212 non
660 1186 740 1227 ego
785 1178 871 1212 tam
916 1172 1092 1213 firmiter
1136 1171 1365 1213 crederem.
1432 1170 1479 1212 Si

0 1226 215 1268 mulierum
266 1228 538 1280 credentium,
583 1227 618 1267 si
663 1226 1052 1283 condiscipulorum
1097 1226 1226 1267 fidem
1269 1226 1477 1279 hereticis,

0 1282 64 1337 1¹¹1
106 1297 192 1324 non
235 1298 336 1325 vero
383 1297 560 1338 corpore
600 1282 820 1323 dominum
858 1290 1050 1325 nostrum
1089 1282 1232 1324 Iesum
1262 1282 1478 1323 Christum

0 1339 272 1380 resurrexisse
316 1338 539 1391 latrabant,
583 1338 834 1391 diceremus,
885 1338 1018 1380 multa
1060 1338 1182 1379 nobis
1231 1345 1479 1392 argumenta

0 1392 199 1435 iiabolica
228 1393 455 1436 calliditate
487 1402 760 1450 opponerent.
826 1394 913 1436 Sed
948 1408 1044 1435 cum
1074 1393 1337 1435 dubitantem
1368 1393 1479 1434 Tho-

0 1463 91 1489 man
121 1464 274 1505 eorpus
305 1457 519 1501 tractasse,
550 1449 774 1491 vulnerum
805 1451 1023 1492 cicatrices
1053 1450 1257 1504 tetigisse,
1298 1463 1348 1490 ae
1378 1464 1479 1490 mox

0 1503 265 1547 dubitacione
294 1512 454 1547 remota
495 1505 622 1547 deum
659 1513 699 1547 et
729 1505 949 1546 dominum
989 1505 1249 1546 exclamasse
1286 1504 1478 1557 audiunt,

0 1561 66 1614 qui
94 1561 211 1616 prius
242 1567 360 1603 erant
390 1561 620 1613 multisoni,
666 1576 767 1601 mox
811 1568 857 1602 ut
900 1562 1043 1616 pisces
1082 1560 1279 1601 videntur
1319 1561 1478 1612 insoni3

0 1623 307 1670 zognoscentes,
341 1617 440 1672 quia
470 1624 511 1657 et
539 1630 639 1657 vera
669 1630 768 1657 caro
799 1624 873 1669 est,
915 1631 1023 1672 quae
1059 1617 1228 1657 tractari
1259 1616 1407 1670 potuit,
1439 1624 1480 1658 et

0 1669 110 1723 icus,
142 1673 215 1727 qui
245 1671 397 1713 clausis
427 1673 564 1712 ianuis
594 1673 778 1713 intravit.
822 1673 878 1713 Et
910 1671 1025 1727 quod
1045 1671 1230 1712 Thomas
1258 1671 1479 1724 dubitavit,

0 1740 77 1766 non
120 1727 206 1769 fors
246 1728 322 1769 sed
361 1727 504 1768 divina
542 1727 808 1790 dispensacio
846 1727 935 1769 fuit.
1005 1728 1077 1769 Sic
1107 1727 1261 1782 itaque,
1300 1727 1372 1779 sic,
1402 1742 1480 1768 rex

0 1781 194 1836 piissime,
230 1784 441 1838 insperata
482 1783 534 1824 ob
575 1782 754 1825 militum
791 1784 1050 1838 paucitatem
1088 1783 1270 1823 victoria
1310 1782 1478 1824 divinae

0 1837 215 1879 eonsilium
244 1838 533 1894 providentiae
555 1837 645 1890 fuit,
677 1837 824 1880 volens
846 1837 1094 1879 mortalibus
1115 1838 1316 1890 indicare,
1353 1852 1480 1893 quam

0 1906 115 1934 carus
146 1893 224 1935 deo
255 1901 376 1941 esset,
408 1894 481 1949 qui
512 1893 669 1935 orando
700 1900 788 1934 tam
817 1894 1055 1935 inmensum
1086 1907 1182 1933 cum
1212 1894 1480 1948 paucissimis

0 1948 253 2004 triumphum
284 1950 475 2005 optinere
504 1950 750 2005 promeruit.
809 1950 937 1990 Forte
967 1949 1092 2001 enim,
1123 1949 1252 1989 immo
1284 1956 1407 2001 certe,
1440 1956 1480 1991 et

0 2009 38 2045 tu
67 2006 185 2060 prius
215 2004 455 2061 ignorabas,
488 2019 615 2061 quam
645 2020 768 2046 carus
799 2004 878 2047 deo
909 2005 1133 2057 existeres,
1171 2004 1285 2059 quod
1314 2011 1409 2060 post
1438 2011 1480 2046 te

0 2073 248 2115 eognoscere
277 2061 388 2112 fecit,
421 2075 519 2102 cum
539 2067 656 2102 tanta
675 2061 856 2102 victoria
876 2061 1112 2102 honoravit.
1155 2060 1299 2101 Sancti
1323 2061 1479 2102 etenim

0 2115 71 2157 viri
120 2116 223 2172 quid
271 2117 436 2157 virtutis
484 2116 679 2169 habeant,
725 2124 766 2158 et
805 2117 951 2172 quanti
988 2117 1033 2156 in
1074 2123 1305 2170 conspectu
1345 2116 1480 2157 divini

0 2172 200 2213 examinis
246 2173 486 2224 consistant,
535 2173 616 2213 nisi
658 2172 944 2227 probaverint,
994 2173 1210 2227 ignorant,
1262 2172 1377 2226 quod
1425 2172 1479 2213 ad

0 2226 213 2269 Abraham
242 2227 375 2268 filium
395 2226 614 2269 immolare
634 2228 873 2284 cupientisa
904 2243 959 2269 ex
978 2228 1118 2269 verbis
1139 2226 1279 2282 angeli
1299 2227 1477 2269 dicentis

0 2282 192 2338 colligere
229 2297 474 2339 possinnus3
524 2284 584 2325 ait
618 2285 747 2325 enim:
783 2284 870 2325 '‘Ne
907 2283 1110 2326 extendas
1150 2297 1321 2324 manum
1361 2291 1477 2324 tuam
1493 2304 1571 2331 Gon,
1586 2306 1690 2336 22712,

0 2352 122 2394 super
150 2353 343 2394 puerum,
386 2353 523 2395 neque
562 2338 694 2380 facias
733 2339 792 2380 illi
832 2340 1081 2395 quicquam3
1130 2353 1243 2380 nunc
1282 2340 1475 2394 cognovi,

0 2393 111 2450 quod
139 2396 288 2437 timeas
318 2395 563 2448 dominum’,
602 2396 646 2436 id
682 2402 745 2437 est
786 2402 825 2437 te
860 2396 1002 2451 ipsum
1034 2402 1074 2436 et
1102 2401 1294 2449 posteros
1325 2408 1478 2450 cogno-

0 2463 112 2492 scere
140 2449 236 2492 feci.
294 2450 480 2493 Noverat
510 2451 620 2493 enim
651 2451 846 2492 dominus
887 2458 927 2492 et
957 2457 1053 2492 ante
1083 2465 1211 2506 quam
1240 2450 1374 2491 filium
1405 2451 1479 2490 im-

0 2504 153 2547 molare
182 2505 318 2558 vellet,
351 2513 509 2562 quanta
537 2506 755 2548 Abraham
785 2506 1027 2562 patriarcha
1057 2512 1226 2547 sanctus
1256 2520 1353 2547 eum
1376 2506 1478 2546 cari-

0 2567 80 2602 tate
109 2560 320 2616 diligeret;
352 2563 426 2603 sed
456 2563 491 2603 is
523 2563 595 2618 qui
625 2562 840 2617 diligebat,
882 2576 1008 2617 quam
1047 2561 1233 2617 perfecte
1273 2560 1477 2615 diligeret,

0 2630 82 2657 non
109 2618 238 2669 novit,
282 2617 417 2659 donec
448 2633 523 2673 per
559 2617 702 2659 dilecti
740 2617 817 2658 filii
855 2617 1185 2658 immolationem
1214 2617 1476 2671 apertissime

0 2670 158 2714 claruit.
216 2673 448 2714 Possumus
479 2680 520 2715 et
558 2673 666 2714 hanc
702 2688 756 2713 ex
791 2673 905 2714 beati
934 2673 1046 2713 Petri
1078 2672 1355 2728 promissione
1387 2686 1476 2713 sen-

0 2727 169 2768 tentiam
199 2728 448 2784 approbare.
509 2729 729 2781 ‘Domine',
761 2729 907 2784 inquit,
940 2732 1093 2770 ‘tecum
1122 2734 1292 2783 paratus
1323 2741 1415 2767 sum
1437 2736 1477 2768 et

0 2832 24 2865 a)
47 2833 101 2865 zeqe
131 2835 320 2867 cupientem;
349 2838 519 2861 constructio
549 2838 647 2862 scilicet
676 2838 742 2862 haer·
771 2840 823 2862 est:
853 2836 940 2865 Quod
969 2836 1112 2867 colligere
1135 2842 1294 2867 possumus
1316 2842 1352 2861 ex
1375 2836 1476 2861 verbis

0 2873 99 2904 angeli
122 2874 250 2899 dicentis
272 2876 309 2900 ad
331 2875 485 2901 Abraham
508 2878 681 2908 cupientem
704 2877 800 2902 filium
823 2875 991 2901 immolare.
