1812 3176
468 230 732 263 PRAEFATIO
761 230 999 263 EDITORIS.
1362 229 1466 261 XVII

9 343 182 383 sileensi
222 356 261 381 a.
304 340 410 381 1532
448 341 629 394 repetiit,
669 339 860 380 adhibito
899 345 1038 378 tamen
1070 340 1232 392 paucis
1274 340 1322 378 in
1366 338 1468 378 locis

10 397 150 438 codice
180 396 313 437 bonae
342 401 478 446 notae,
508 396 632 435 cuius
662 395 856 435 lectiones
884 394 933 433 in
962 398 1077 434 teoctu
1108 393 1280 434 abinde
1300 406 1466 432 reman-

7 457 167 492 serunt.
226 450 345 490 Nam
373 449 529 490 librum
558 450 846 490 Basileensem
875 449 1068 488 universi
1091 454 1245 502 postea
1274 447 1468 497 editores,

9 507 154 547 Iustus
189 505 410 545 Reub'erus
445 506 495 545 in
530 503 611 545 SS.
653 519 692 544 a.
734 502 840 544 1584
868 509 905 543 et
936 502 1055 554 1619,
1086 502 1349 542 Laurentius
1378 501 1464 541 Ra-

8 561 137 600 mirez
174 560 225 600 de
258 559 406 599 Prado
443 559 491 599 in
533 560 716 599 editione
760 558 947 612 Operum
975 557 1259 611 Liudprandi
1289 556 1468 595 Antver-

0 616 152 670 piensi
181 629 220 654 a.
255 613 373 665 1640,
407 613 612 655 Chesm'us
644 615 688 654 T.
720 613 802 653 III.
831 612 913 653 SS.
942 612 1255 652 Francicorum
1285 625 1324 652 a.
1351 610 1469 660 1641,

9 670 195 710 Ioannes
231 669 280 709 in
317 683 430 709 nova
468 669 651 709 editione
688 668 959 721 Scriptorum
992 667 1179 708 Reuberi
1210 681 1250 706 a.
1284 665 1403 715 1726,
1434 669 1471 703 et

8 724 279 764 Muratorius
318 724 447 763 annis
485 723 591 763 1723
628 728 665 763 et
702 723 808 763 1726
845 721 925 763 SS.
966 721 1062 762 Ital.
1096 722 1137 762 T.
1169 721 1227 761 II.
1258 733 1469 774 cmpresse-

8 784 125 829 runt,
161 779 251 818 nisi
288 778 402 832 quod
442 778 746 829 IlIuratorium,
783 776 928 817 allatis
970 777 1083 818 Tom.
1123 776 1181 816 H.
1221 775 1275 815 B.
1308 774 1472 828 aliquot

9 833 201 874 codicum
241 833 624 873 Vindobonen-sium
653 832 722 872 *3³
751 838 788 872 et
816 831 886 871 3⁰*
916 830 1164 872 lectionibus
1192 831 1340 870 tertias
1370 843 1470 883 quo-

11 888 234 928 dammodo
266 889 386 941 operi
422 902 549 927 curas
587 887 824 928 admovisse
855 887 992 926 dicere
1016 887 1173 939 possis.
1232 884 1474 924 Historiam

18 943 184 983 Ottonis
224 957 275 982 eae
310 943 590 982 monumentis
629 942 777 982 recudi
793 940 907 993 fecit
943 941 1171 981 IVattericli
1202 937 1473 994 (Pontificum

10 997 301 1038 Romanorum
330 998 442 1036 vitae
463 996 497 1048 I,
527 996 723 1049 49—63).
782 996 1019 1037 Versionem
1041 995 1346 1036 Germanicam
1376 1007 1471 1046 ope-

9 1066 105 1092 rum
143 1051 427 1103 Liudprandi
462 1065 513 1091 θα]
545 1056 675 1104 parte
705 1052 893 1105 paravit
929 1050 1036 1090 liber
1078 1050 1181 1090 baro
1226 1050 1276 1090 de
1328 1048 1472 1089 Osten-

11 1106 180 1148 Saclcen
201 1112 227 1145 ¹.

121 1161 216 1201 Iam
254 1160 342 1200 tria
373 1165 476 1213 'post
513 1158 685 1200 saecula
725 1174 838 1200 nova
874 1159 1003 1200 editio
1044 1160 1103 1200 ad
1131 1173 1327 1200 normam
1358 1162 1473 1198 auto-

10 1216 175 1271 9raplii
204 1215 412 1265 instituta,
444 1220 649 1268 quantum
680 1229 708 1254 a
736 1214 911 1269 reliquis
942 1213 1127 1268 differat,
1158 1219 1314 1268 quanto
1346 1213 1474 1252 histo-

10 1271 105 1311 riae
142 1269 353 1311 commodo
391 1270 480 1309 iam
512 1268 718 1323 prodeat,
749 1283 886 1324 penes
925 1269 1095 1310 lectores
1133 1269 1342 1310 iudicium
1379 1273 1474 1308 esto.

12 1324 295 1379 Amplissima
320 1323 544 1364 lectionum
563 1330 708 1378 seqete,
739 1339 877 1378 quam,
909 1330 1137 1378 antequam
1158 1323 1477 1378 autoyruplium

14 1380 73 1421 ad
101 1395 253 1420 manus
282 1381 475 1431 venisset,
506 1393 558 1419 ew
588 1379 803 1420 codicibus
830 1379 1198 1432 Bruocellensibus,
1228 1379 1474 1419 Londinen-

11 1435 127 1475 sibus
166 1441 203 1474 et
239 1433 482 1475 Austriacis
519 1434 782 1489 colleqeram,
818 1435 976 1486 recisa,
1013 1449 1085 1475 eas
1122 1440 1286 1475 temtum
1323 1449 1349 1473 a
1385 1447 1476 1473 erre

3 1489 201 1544 placuit,
248 1489 362 1529 unde
411 1489 604 1529 diversas
653 1490 844 1530 codicum
892 1489 1047 1529 classes
1097 1503 1327 1543 aqnoscere
1369 1488 1476 1529 licet.

16 1544 132 1585 Idem
178 1545 226 1584 in
275 1544 613 1597 corruptissimis
661 1545 895 1585 editionum
942 1544 1190 1585 lectionibus
1243 1543 1475 1584 observavi.

14 1599 133 1639 Auro
164 1599 276 1639 enim
297 1600 535 1653 purissimo
565 1599 744 1651 decocto,
774 1600 959 1639 scoriam
988 1599 1222 1654 relinquere
1252 1598 1438 1638 delectat.

124 1653 371 1705 Leqationis
405 1653 588 1694 libellum
618 1669 646 1693 a
678 1653 854 1695 Canisio
890 1669 982 1694 una
1011 1670 1104 1695 cum
1133 1654 1346 1695 chronicis
1387 1652 1475 1693 Vic-

13 1709 120 1748 toris
165 1709 467 1748 Tunnunensis
511 1714 547 1746 et
586 1709 770 1753 Ioannis
813 1708 1101 1750 Biclariensis
1132 1707 1395 1763 Inqolstadii
1439 1722 1478 1746 a.

17 1762 124 1803 1600
154 1763 220 1817 (p.
256 1761 462 1816 79—125)
494 1763 542 1802 in
580 1763 638 1802 40
677 1763 908 1803 secundum
945 1764 1249 1817 apoyraplzum
1292 1762 1477 1803 Christo-

10 1818 144 1872 pliori
171 1817 368 1858 Broweri
405 1817 474 1857 liic
496 1818 691 1871 primum
720 1817 974 1872 evul'qatum,
1013 1819 1195 1872 indeque
1226 1834 1254 1857 a
1281 1817 1480 1857 Baronio

17 1872 75 1913 ad
118 1888 159 1914 a.
196 1872 296 1924 968,
340 1872 584 1912 Muratorio
621 1871 703 1913 SS.
742 1873 801 1912 II.
846 1879 883 1913 et
926 1872 1164 1913 Niebukrio
1210 1873 1254 1912 T.
1291 1872 1365 1911 XI.
1397 1870 1479 1912 SS.

14 1927 198 1982 Byzant.
228 1929 463 1981 repetitum,
498 1927 587 1967 iam
617 1927 735 1968 edita
762 1926 1036 1981 Antapodosi
1065 1933 1102 1968 et
1132 1927 1332 1968 Historia
1368 1925 1479 1966 Otto-

17 1983 87 2022 nis
106 1981 390 2036 Liudprandi
420 1981 638 2022 scribendi
665 1983 875 2024 rationem
896 1988 931 2022 et
952 1989 1138 2024 teoetuum
1167 1983 1482 2035 corruptionem

16 2038 193 2091 experti,
230 2037 437 2077 intactum
473 2036 725 2090 relinquere,
763 2037 858 2078 licet
895 2038 1036 2078 codice
1071 2038 1197 2078 unico
1239 2037 1482 2077 Trevirensi

18 2092 252 2145 deperdito,
282 2091 406 2145 nefas
429 2092 645 2144 duwimus,
675 2098 797 2147 atque
819 2107 942 2147 opere
962 2100 1154 2147 suscepto
1168 2098 1347 2147 praeter
1366 2106 1482 2146 spem

19 2145 328 2188 Giesebrechtio
359 2147 556 2187 adiutore
573 2146 747 2200 factum
777 2154 847 2200 est,
877 2154 921 2188 ‘ut
950 2147 1053 2189 locis
1082 2147 1302 2188 nonnullis
1332 2147 1484 2201 maqni

16 2202 214 2242 momenti
261 2207 460 2241 sanatum
489 2201 710 2243 lectoribus
743 2217 988 2257 proponere
1016 2203 1153 2243 liceat.
1210 2202 1484 2256 Legationem

18 2256 162 2297 ‘livore
193 2261 229 2296 et
259 2256 356 2297 odio
379 2256 558 2309 plenam
595 2271 738 2297 verum
776 2259 838 2298 sic
875 2273 1034 2313 quoque
1064 2259 1122 2298 ad
1157 2272 1300 2298 rerum
1335 2258 1481 2310 coyni-

18 2311 174 2352 tionem
201 2310 484 2352 utilissimam'
503 2311 767 2352 Niebzdwias
790 2313 1043 2366 praedicat,·
1073 2319 1111 2353 et
1129 2311 1413 2366 Liudprandi
1435 2312 1481 2351 in

18 2380 70 2406 ea
101 2367 292 2406 animum
320 2366 484 2420 viyoris
514 2372 551 2405 et
579 2366 841 2420 eloquentiae
871 2368 956 2408 sibi
976 2374 1168 2422 paratae
1199 2368 1364 2421 apicem
1385 2367 1480 2407 atti-

17 2422 143 2475 9isse,
172 2435 314 2461 rerum
343 2435 491 2461 earum
518 2422 702 2462 studiosi
729 2422 992 2463 iudicabunt.

22 2524 59 2569 1)
91 2526 163 2558 Aus
194 2526 417 2569 Liudprands
450 2527 625 2569 Werken,
660 2528 780 2561 Berlin
816 2528 907 2560 1853
943 2528 1049 2571 (inter
1083 2528 1485 2561 ‘Geschichtsschreiber

20 2574 83 2607 der
108 2574 299 2607 deutschen
324 2573 505 2616 Vorzeit').

129 2684 438 2725 BEROLINI
463 2684 581 2727 1839.
1070 2686 1119 2726 G.
1144 2685 1428 2749 QPERTZ.

188 2750 369 2793 HALIS
401 2750 517 2793 1876.
1045 2754 1095 2792 Ε.
1126 2752 1444 2793 DUMMELR.

1487 828 1615 861 ·p.273.
