1902 3200
343 244 641 277 LIUDPRANDI
668 243 894 276 HISTORIA
922 243 1136 276 OTTONIS.
1188 245 1316 279 9—10.
1503 248 1568 278 129

103 356 343 411 Stephanus
383 352 604 396 cardinalis
641 352 965 408 archipresbiter
999 351 1106 394 tituli
1138 352 1277 409 [Nerei
1308 361 1347 395 et
1376 355 1567 410 Achillei,
1583 368 1647 392 963.

100 411 188 452 Leo
220 410 425 467 presbiter
452 407 606 466 tituliJ³
635 407 848 461 Balbinae,
888 408 1138 448 Dominicus
1170 408 1278 449 tituli
1307 410 1565 464 Anastasiac,

100 468 249 509 Petrus
279 464 388 507 tituli
418 464 606 515 Damasi,
637 462 960 518 Theophilactus
990 462 1100 504 tituli
1127 462 1389 518 Chrisogoni,
1419 465 1567 506 Iohan-

102 537 174 563 nes
218 520 326 562 tituli
362 519 543 573 ‘Equitit
587 518 792 560 Iohannes
836 518 943 560 tituli
988 517 1218 572 Susannae,
1262 520 1414 561 Petrus
1457 520 1568 561 tituli

103 575 328 628 Pamachii,
369 574 582 615 Adrianus
622 574 730 616 tituli
770 574 938 627 Calixti,
978 573 1185 616 Iohannes
1225 573 1332 616 tituli
1373 574 1567 628 Ceciliae,

101 632 313 674 Adrianus
352 629 461 671 tituli
500 630 696 682 Lucinae,
734 629 989 671 Benedictus
1030 628 1138 670 tituli
1178 629 1301 682 Sixti,
1345 630 1570 687 [Theophi-

97 688 248 742 lactus]
263 687 279 713 ¹³
306 685 413 728 tituli
435 693 673 727 sanctorum
693 686 818 727 IIIIor
850 685 1168 738 Coronatorum,
1201 686 1438 740 Stephanus
1460 685 1570 727 tituli

101 741 297 793 Sabinae,
334 741 589 782 Benedictus
621 740 842 783 cardinalis
872 740 1204 793 archidiaconus,
1245 740 1453 782 Iohannes
1483 741 1568 782 dja-

99 812 241 849 conus,
272 796 504 838 Bonofflius
534 796 736 838 diaconus
774 795 1007 849 cardinalis,
1044 797 1320 851 primicerius,
1361 796 1569 851 Georgius

98 852 428 904 secundicerius,
485 852 723 907 Stephanus
772 852 1082 905 aminiculator,
1131 851 1323 892 Andreas
1371 853 1569 905 arcarius,

99 908 272 963 Sergius
303 908 565 962 primicerius
605 908 882 961 defensorum,
924 907 1129 949 lohannes
1160 906 1401 949 sacellarius
1415 916 1443 960 ⁰,
1481 907 1570 949 Ste-

98 963 274 1019 phanus,
296 963 633 1018 Theophilactus,
655 964 878 1013 Adrianus,
902 963 1155 1019 Stephanus,
1176 962 1443 1016 Benedictus,
1464 962 1569 1017 Azo,

97 1019 323 1073 Adrianus,
353 1019 581 1071 Romanus,
610 1019 709 1071 Leo,
739 1019 1006 1071 Benedictus,
1030 1019 1129 1071 Leo,
1159 1019 1256 1059 item
1286 1019 1386 1071 Leo,
1417 1026 1457 1060 et
1484 1019 1570 1060 Leo

98 1075 315 1127 scriniarii,
345 1075 432 1116 Leo
463 1075 724 1129 primicerius
755 1073 890 1116 scolae
921 1081 1150 1127 cantorum,
1187 1074 1442 1116 Benedictus
1474 1073 1570 1115 sub-

97 1130 300 1171 diaconus
338 1137 378 1171 et
415 1130 726 1183 oblationarius,
766 1130 868 1179 Azo,
904 1129 1172 1182 Benedictus,
1211 1130 1466 1181 Demetrius,
1506 1129 1570 1170 Io-

96 1185 268 1239 hannes,
298 1185 488 1238 Amicus,
520 1184 705 1240 Sergius,
734 1185 1001 1238 Benedictus,
1031 1185 1154 1237 Urso,
1185 1184 1404 1237 Iohannes,
1434 1185 1569 1226 Bene-

97 1241 232 1283 dictus
271 1239 575 1294 subdiaconus,
615 1240 1015 1295 subpulmentarius,
1056 1246 1096 1282 et
1136 1239 1374 1296 Stephanus
1412 1240 1570 1281 archia—

97 1297 246 1339 colitus
283 1311 380 1338 cum
418 1297 612 1338 omnibus
651 1295 811 1337 acolitis
849 1303 889 1338 et
923 1296 1189 1351 regionariis,
1231 1311 1284 1337 ex
1321 1295 1571 1351 primatibus

97 1352 312 1394 Romanae
370 1352 570 1394 civitatis:
631 1351 869 1407 Stephanus
928 1351 1037 1393 filius
1099 1351 1297 1392 Iohannis
1355 1352 1572 1406 superista,

96 1407 338 1450 Demetrius
368 1407 545 1461 Meliosi,
586 1407 853 1449 Crescentius
891 1407 1053 1449 Caballi
1091 1408 1326 1460 marmorei,
1364 1407 1570 1448 Iohannes

96 1471 373 1518 cognomento
389 1464 557 1516 Mizina,
580 1462 818 1518 Stephanus
840 1464 891 1504 de
908 1464 1051 1517 Imiza,
1073 1463 1319 1504 Theodorus
1337 1463 1387 1504 de
1405 1463 1571 1516 Rufina,

97 1519 306 1561 Iohannes
336 1519 387 1561 de
415 1520 672 1571 Primicerio,
702 1519 788 1561 Leo
815 1519 866 1560 de
889 1518 1106 1573 Cazunuli,
1136 1518 1391 1571 Rihkardus,
1422 1518 1571 1560 Petrus

100 1574 152 1616 de
175 1574 422 1630 Canaparia,
451 1574 704 1616 Benedictus
735 1590 832 1616 cum
852 1573 1105 1630 Bulgamino
1136 1574 1220 1615 filio
1252 1589 1344 1627 suo3
1376 1589 1430 1615 ex
1450 1573 1572 1629 plebe

98 1631 259 1684 Petrus,
291 1631 362 1686 qui
393 1638 433 1672 et
461 1629 715 1686 Imperiolad
753 1639 815 1672 est
845 1630 993 1684 dictus,
1033 1631 1193 1672 adstitit
1223 1645 1318 1671 cum
1349 1631 1461 1671 omni
1491 1630 1570 1671 Ro-

101 1700 322 1728 manorum
351 1685 510 1728 militia.

213 1755 275 1795 10.
320 1754 399 1795 His
425 1754 567 1810 itaque
586 1752 866 1795 residentibus
887 1753 1180 1809 silentiumque
1202 1768 1410 1794 summum
1432 1761 1572 1794 tenen-

98 1808 231 1863 tibus,
271 1810 330 1851 ita
368 1817 537 1851 sanctus
577 1815 640 1850 est
676 1810 904 1864 imperator
942 1824 1135 1851 exorsus:
1181 1809 1335 1861 ‘Quam
1372 1808 1572 1850 decorum

98 1872 220 1918 esset,
255 1872 340 1906 tam
371 1865 481 1906 claro
513 1871 742 1920 sanctoque
772 1865 975 1906 domnum
1005 1879 1159 1920 papam
1189 1865 1418 1906 Iohannem
1448 1865 1571 1906 inter-

98 1935 191 1962 esse
222 1919 411 1962 concilio.
470 1921 629 1962 Verum
660 1935 734 1961 cur
762 1928 925 1962 tantum
956 1920 1228 1962 declinaverit
1265 1927 1444 1973 coetum,
1483 1934 1572 1972 VOS,

100 1990 124 2017 ο
155 1977 289 2018 sancti
317 1982 470 2032 patres,
501 1975 770 2029 consulimus,
801 1976 954 2032 quibus
986 1977 1219 2017 communis
1251 1990 1348 2017 cum
1378 1991 1426 2017 eo
1457 1976 1572 2017 vitae

98 2047 149 2073 ac
179 2046 402 2074 commune
430 2033 644 2087 negotium
674 2033 835 2074 extitit'.
895 2033 1015 2073 Tunc
1045 2032 1224 2073 Romani
1254 2032 1493 2086 *pontifices
1535 2038 1574 2073 et

99 2087 332 2130 cardinales
361 2088 582 2144 presbiteri
602 2103 651 2129 ac
673 2088 850 2141 diaconi,
882 2103 978 2130 cum
999 2089 1195 2130 universa
1215 2087 1336 2143 plebe
1358 2088 1572 2129 dixerimt:

99 2143 328 2197 ‘Miramun
365 2144 671 2185 sanctissimam
707 2144 973 2199 prudentiam
1009 2151 1191 2185 vestram
1230 2158 1307 2184 nos
1347 2143 1427 2185 hoc
1466 2142 1572 2184 velle

99 2200 349 2253 percontari,
381 2200 494 2255 quod
523 2214 607 2240 non
628 2199 866 2252 Hiberieos,
897 2214 974 2241 nec
995 2198 1278 2252 Babilonicos,
1309 2213 1385 2240 nec
1405 2199 1572 2240 Indicos

99 2254 257 2296 incolas
286 2254 397 2296 latet.
456 2255 552 2296 Non
580 2255 648 2296 hic
676 2256 760 2295 iam
789 2255 863 2296 vel·
893 2255 944 2297 de
974 2256 1075 2310 ipsis
1114 2263 1187 2308 est,
1229 2255 1301 2311 qui
1330 2255 1502 2296 veniunt
1530 2255 1572 2294 in

99 2312 357 2352 vestimentis
388 2312 542 2364 ovium,
580 2311 829 2352 intrinsecus
858 2319 999 2352 autem
1027 2318 1124 2352 sunt
1158 2310 1248 2366 lupi
1283 2325 1476 2366 rapaces,
1514 2311 1573 2351 ita

99 2374 242 2421 aperte
272 2367 415 2420 saevit,
445 2368 503 2407 ita
533 2366 671 2422 palam
701 2366 908 2408 diabolica
935 2373 1162 2422 pertractat
1189 2368 1371 2421 negotia,
1402 2373 1447 2407 ut
1471 2363 1573 2406 nihil

100 2423 358 2463 circuitionis
388 2422 550 2464 utatur’.
617 2423 851 2479 Imperator
879 2423 1116 2478 respondit:
1157 2423 1333 2464 ‘Iustum
1362 2420 1483 2462 nobis
1513 2421 1572 2462 vi-

101 2477 234 2526 detur,
275 2486 321 2524 ut
350 2479 639 2520 accusationes
668 2479 914 2521 nominatim
954 2478 1284 2534 exprimanturf3
1330 2477 1427 2519 dein
1465 2475 1566 2531 quid

101 2533 312 2588 agendum
351 2535 471 2576 nobis
511 2535 576 2588 sit,
619 2536 832 2575 communi
872 2534 1046 2576 consilio
1085 2535 1385 2590 pertractetm·’.
1452 2533 1571 2573 Tunc

102 2603 358 2645 consurgens
407 2591 554 2633 Petrus
605 2590 855 2631 cardinalisg
900 2590 1121 2646 presbiter,
1171 2605 1215 2631 se
1258 2588 1415 2629 vidisse
1457 2586 1572 2627 illum

101 2645 271 2686 missam
302 2645 534 2687 celebrasse
574 2654 616 2687 et
653 2661 737 2696 non
777 2647 1121 2698 communicasse,
1158 2651 1330 2687 testatus
1370 2650 1443 2684 est.
1502 2642 1571 2683 Io-

101 2764 130 2797 ε.)
153 2766 244 2791 Nerei
268 2780 300 2784 —
323 2767 401 2792 tituli
429 2768 556 2799 supplevi
583 2775 614 2792 ει
641 2768 757 2792 concilio
780 2767 884 2791 Romae
905 2774 923 2790 α
946 2766 1072 2790 Iohanne
1097 2772 1176 2795 papa
1206 2765 1248 2788 die
1271 2765 1316 2789 26.
1341 2763 1421 2788 Febr.
1445 2770 1518 2794 ⁸qu.
1542 2770 1571 2788 a.

101 2805 157 2831 9134
179 2805 271 2830 habito
294 2805 438 2839 (Leihnz‘cii
460 2807 538 2833 Ann.
562 2807 627 2838 imp.
645 2807 701 2836 III,
728 2806 805 2837 133.)
850 2806 878 2838 b)
897 2805 1133 2836 Theophilactus
1149 2804 1275 2834 supplevi
1289 2811 1320 2827 cr
1335 2803 1426 2827 eodem
1444 2802 1572 2829 concilio,

102 2844 130 2875 c)
152 2845 326 2870 secellarius
349 2847 374 2870 1.
457 2845 486 2878 d)
507 2845 667 2877 imperiola
690 2847 716 2870 1.
799 2844 827 2875 e)
847 2851 882 2870 eo
913 2852 986 2869 corr.
1010 2844 1038 2868 io
1062 2844 1087 2869 1.
1112 2843 1174 2867 uita
1203 2843 1279 2866 haud
1307 2845 1394 2866 totum
1422 2841 1532 2872 leqieur,
1555 2848 1572 2865 a

97 2883 162 2908 stilo
185 2887 291 2908 tantum
316 2885 453 2916 z'mlicato,·
475 2888 503 2909 αι
525 2886 554 2910 in
578 2886 603 2910 2.
627 2886 727 2916 leyitur
748 2892 783 2910 eo
806 2884 878 2909 uita.
951 2883 973 2914 f)
993 2882 1172 2913 exprimitur
1196 2883 1220 2907 l·
1302 2880 1331 2912 g)
1355 2880 1523 2906 cardinales
1549 2882 1570 2904 ¹·

1222 2939 1241 2969 9

1589 2041 1596 2050 ’
1608 2052 1635 2075 p.
1650 2043 1714 2070 343.

1588 2265 1786 2299 Matth.7,15.
