1902 3200
247 231 547 265 LIUDPRANDI
572 229 917 262 ANTAPODOSIS.
969 229 1061 261 LIB.
1090 230 1158 262 III.
1212 231 1319 262 3-4.
1487 233 1529 263 57

165 341 254 383 Nec
284 343 401 382 iuvat
429 340 671 393 Hungarios
701 338 799 380 solis
830 339 906 380 hos
935 353 1055 380 urere
1086 338 1278 391 flammis,
1544 352 1609 379 924.

164 397 362 452 Undique
393 396 661 446 conveniunt,
692 401 955 450 mortemque
986 394 1137 438 inferre
1168 395 1390 447 minantur,

86 463 131 496 10
166 451 424 493 Confodiunt
452 450 558 503 telis,
590 449 749 490 calidus
781 465 886 505 quos
917 451 1064 490 terruit
1092 449 1215 504 ignis.

164 507 311 548 Uritur
340 505 507 547 infelix¹
543 504 641 545 olim
670 505 882 546 formonsa
910 505 1062 559 Papia!

164 561 467 617 Vulcanusque
497 574 595 601 suos
625 559 816 602 attollens
846 559 1015 601 flatibus
1045 566 1174 612 artus,

162 616 376 658 Ecclesias
404 617 669 672 patriamque
700 615 823 657 simul
853 615 1100 657 conscendit
1129 616 1171 655 in
1203 629 1381 655 0111110111.

134 672 479 727 *Extinguntura
510 679 676 724 matres,
706 672 838 727 pueri,
869 672 1155 726 innupta-eque
1184 669 1407 725 puellae*².
1543 678 1671 724 jp-304-

84 739 129 771 15
163 727 321 769 Sancta
350 728 593 769 cateivatim
624 728 799 769 moritur
829 727 1092 768 catecumina
1121 725 1238 781 ples-³
1270 732 1383 778 tunc,
1555 722 1743 783 Ήζξζιζιξξω

162 782 311 824 Presul
341 784 383 823 in
413 783 516 824 urbe
547 797 623 823 sua
652 782 731 824 hac
762 783 938 823 moritur
968 788 1223 836 sanctusque
1252 781 1462 831 sacerdos,

161 838 341 880 Nomine
373 839 443 894 qui
489 839 644 893 >roprio
674 838 809 879 bonus
841 845 903 879 est
934 837 1154 893 dictusque
1184 837 1392 878 Iohannes
1406 844 1433 876 ⁴.

163 893 287 945 Quod
319 894 454 935 fuerat
499 909 608 948 ongo
639 893 769 935 thecis
800 895 844 934 in
874 901 1062 948 tempore
1093 892 1297 945 clausum,

162 949 228 990 En
259 950 379 1002 iacet,
410 949 489 990 hoc
519 949 654 990 aliena
684 964 833 990 manus
864 964 915 990 110
946 954 1136 1004 tangeret
1164 962 1328 1001 aurum,

80 1014 129 1048 20
161 1007 302 1060 Atque
332 1021 407 1060 per
436 1006 648 1045 inmensas
680 1003 922 1046 dissolvitur
951 1005 1048 1058 igne
1079 1003 1256 1045 cloacas.

162 1060 310 1101 Uritur
339 1059 483 1101 infelix
515 1059 613 1101 olim
644 1059 856 1100 formonsa
886 1060 1040 1114 Papia!

162 1114 383 1157 Cerneret*
414 1116 577 1170 argenti
607 1116 734 1167 rivos,
767 1122 1017 1170 paterasque
1048 1114 1263 1167 micantes,

161 1170 350 1226 Corpora
379 1171 585 1212 maiorum
616 1172 774 1225 passim
805 1170 1008 1211 conbusta
1037 1170 1237 1210 virorum.

158 1226 340 1282 Iaspidis
370 1227 437 1267 hic
468 1227 657 1282 precium
687 1225 835 1267 viridis
865 1225 1062 1281 rutilique
1099 1225 1253 1280 topazii

78 1291 126 1325 25
161 1281 393 1337 Spernitur,
426 1288 467 1323 et
497 1281 704 1337 saphyrus
734 1281 938 1336 pulcherb
970 1280 1227 1336 pulcherque
1256 1279 1446 1335 berillus3

158 1338 329 1379 Institor
357 1337 439 1379 heu
469 1337 619 1379 faciem
649 1336 788 1378 nullus
818 1343 918 1377 tunc
949 1336 1078 1378 flectit
1107 1336 1161 1377 ad
1190 1352 1353 1380 aurum.

159 1393 307 1434 Uritur
335 1392 483 1434 infelix
514 1392 611 1434 olim
641 1393 854 1434 formonsa
883 1393 1035 1448 Papia!

159 1448 348 1490 Lucidus
379 1450 590 1490 inmensas
621 1450 744 1503 cripit
772 1463 851 1489 nec
879 1449 994 1489 fonte
1025 1448 1186 1489 carinas

160 1504 347 1556 Ticinus,
380 1505 542 1546 sentina
572 1505 696 1545 simul
727 1504 976 1545 diffunditur
1005 1504 1114 1558 igne.

161 1559 267 1601 Usta
296 1567 358 1601 est
388 1559 535 1602 infelix
566 1559 663 1601 olim
694 1560 906 1601 formonsa
936 1560 1069 1614 Papia

46 1641 156 1668 anno
207 1627 441 1669 dominicae
489 1628 787 1669 incarnationis
837 1626 1228 1679 DCCOCXXHH,
1287 1627 1385 1667 1111.
1429 1627 1531 1669 Idus

47 1682 185 1736 Mart„
217 1683 446 1725 indictione
477 1683 576 1736 ΧΠ,
609 1690 728 1725 sexta
758 1683 874 1736 feria,
904 1683 1007 1724 hora
1036 1684 1170 1724 tertia.
1222 1684 1415 1735 Quorum
1447 1699 1530 1725 me-

48 1739 225 1779 moriam
254 1739 349 1794 piae
379 1739 681 1789 recordationis
711 1739 878 1791 affectu,
910 1739 983 1794 qui
1015 1737 1162 1780 eodem
1189 1739 1399 1780 combusti
1420 1746 1529 1791 sunt,

45 1808 121 1835 vos
153 1801 194 1836 et
225 1794 483 1850 quicumque
513 1793 712 1850 legeritis,
742 1795 918 1847 faciatis,
948 1793 1219 1835 vehementer
1249 1808 1390 1835 exoro.

157 1863 196 1903 4.
255 1861 415 1903 Verum
453 1862 633 1917 piissimi
679 1862 1062 1917 omnipotentisque
1108 1861 1279 1914 domini,
1326 1862 1394 1902 cui
1437 1876 1531 1917 pro-

46 1916 173 1972 pheta
202 1917 534 1959 misericordiam
574 1924 615 1959 et
653 1917 850 1959 iuditium
893 1918 1089 1970 concinit,
1128 1918 1335 1973 cuiusque
1373 1917 1531 1959 miseri-
1544 1930 1692 1963 Ps.32,5.

47 1972 190 2014 cordia
226 1972 351 2028 plena
389 1980 452 2015 est
487 1981 610 2026 terra,
652 1988 786 2029 usque
826 1972 879 2014 ad
920 1974 1325 2015 consummationem
1362 1972 1530 2029 gladius

46 2042 131 2069 non
160 2028 332 2071 desevit.
399 2029 509 2070 Nam
549 2029 626 2070 etsi
664 2029 851 2084 peccatis
888 2029 1226 2084 promerentibus
1268 2034 1331 2070 est
1367 2035 1530 2080 exusta,

45 2098 130 2125 non
159 2092 301 2127 tamen
330 2085 596 2126 inimicorum
627 2084 824 2126 manibus
855 2085 1019 2126 tradita.
1087 2084 1377 2141 Impleturque
1418 2085 1532 2140 quod

45 2155 122 2181 rex
153 2147 193 2182 et
222 2140 430 2196 propheta
450 2146 610 2182 cantat:
642 2140 875 2195 ‘Numquid
896 2141 938 2181 in
959 2147 1177 2182 aeternum
1198 2141 1376 2196 proiciet
1396 2140 1530 2182 deus‘?
1543 2133 1660 2197 giso&

46 2202 119 2236 aut
147 2210 231 2236 non
261 2203 458 2251 apponet,
496 2203 542 2237 ut
581 2195 877 2251 complacicior
918 2196 971 2237 sit
1000 2195 1169 2237 adhue?
1217 2204 1291 2238 aut
1329 2197 1372 2237 in
1402 2196 1529 2237 finem
1645 2193 1650 2198 ’

44 2251 377 2293 misericordiam
408 2266 526 2293 suam
557 2251 758 2304 abscidet,
787 2266 812 2291 a
834 2253 1102 2293 Ο’0110111110110
1124 2253 1164 2292 111
1186 2251 1530 2308 generationem?

44 2305 131 2348 Aut
176 2306 448 2349 obliviscetur
487 2308 676 2349 misereri
707 2307 844 2349 deus?
893 2313 966 2348 aut
1003 2307 1233 2349 continebit
1272 2309 1316 2348 in
1354 2308 1417 2348 ira
1453 2320 1739 2353 suaflabaciaz

44 2362 351 2404 misericordias
383 2362 522 2404 suas'?
569 2363 763 2419 Itemque
793 2364 831 2404 ei
860 2363 968 2404 alius
999 2364 1207 2419 propheta
1236 2363 1358 2404 dicit:
1404 2363 1528 2405 ‘Cum

44 2418 174 2460 iratus
213 2418 356 2471 fueris,
397 2418 710 2460 misericordiae
748 2418 1065 2460 recordaberis'.
1138 2418 1356 2475 Reliquiae
1400 2419 1528 2474 igitur

46 2488 152 2529 quae
184 2481 430 2530 supererant
442 2483 470 2528 ⁰,
501 2475 735 2530 Hungariis
765 2489 849 2516 non
878 2474 1098 2517 inviriliter
1122 2474 1390 2528 resistebant3
1422 2475 1527 2516 adeo

1547 1110 1554 1117 ⁹
1568 1111 1684 1136 scilicet

1546 1151 1597 1180 qui
1613 1150 1740 1175 adesset.

44 2599 72 2631 a)
97 2599 278 2631 Stinguntur
298 2608 373 2626 corr.
397 2601 503 2632 Peiper.
625 2601 656 2633 b)
681 2609 767 2627 carus
790 2602 888 2626 inserit
911 2602 936 2626 3.
969 2602 1073 2627 lacuna
1098 2603 1126 2626 in
1149 2602 1211 2633 5a;
1242 2605 1328 2634 ortyx
1352 2600 1424 2633 5a'3
1447 2608 1527 2634 onyx

43 2639 154 2671 Hert-ay
187 2640 314 2672 pulcher
335 2640 401 2665 add.
426 2640 535 2672 Peiper.
617 2639 644 2673 c)
668 2645 883 2673 superererant
907 2642 933 2665 1.

46 2745 81 2779 1]
108 2746 215 2788 Verg.
242 2746 329 2778 Aen.
357 2746 419 2786 IV,
454 2746 512 2778 68.
633 2745 669 2789 2)
696 2747 803 2789 Verg.
833 2747 938 2788 Gerg.
966 2747 1026 2786 IV,
1054 2747 1136 2778 476.
1239 2746 1277 2788 3)
1305 2748 1327 2778 i.
1358 2757 1386 2779 e.
1414 2746 1526 2789 plebs.

43 2793 80 2827 4]
111 2794 198 2827 Cum
226 2795 384 2827 Iohanne
413 2796 580 2838 episcopo
609 2797 713 2828 etiam
740 2796 988 2838 Ragamfridus
1004 2795 1242 2828 Vercellensis
1261 2798 1406 2828 mortem
1427 2795 1524 2834 obiit,

44 2843 87 2875 cf.
116 2843 308 2875 Flodoardi
336 2844 424 2875 Ann.
453 2854 484 2876 a.
512 2844 592 2877 924.
