1878 3201
257 365 321 391 968.

188 1137 198 1144 “
211 1147 240 1171 p.
253 1139 319 1165 351.

189 2248 256 2272 Iun.
280 2247 325 2272 29.

341 240 406 270 144
699 238 995 270 LIUDPRANDI
1023 237 1243 270 LEGATIO.
1299 238 1449 269 17—19.

338 349 490 392 habere
529 348 759 391 Schlavos¹
789 350 913 389 Petro
943 347 1220 403 Bulgarorum
1255 362 1366 403 rege,
1409 347 1480 403 qui
1515 345 1804 402 Christophori

337 406 600 460 imperatoris
629 404 757 445 filiam
787 404 830 444 in
861 404 1102 458 coniugium
1143 402 1276 454 duxit,
1314 404 1439 444 etiam
1468 403 1549 458 ipsi
1576 417 1661 443 non
1688 403 1803 458 igno·
1847 420 1850 421 ⁷

337 462 436 503 ratis
448 460 466 501 1’
479 487 534 491 -
547 459 646 502 ‘Sed
659 458 1008 514 Cln·istophorus’,
1025 459 1153 510 aiunt,
1170 458 1482 514 ‘nonporphyro
1495 458 1661 513 genitus
1673 457 1760 499 fuit'
1774 466 1802 501 ².

451 516 514 557 17.
559 516 748 556 ‘Romam
768 516 891 562 vero’,
922 514 1105 569 inquam,
1137 518 1277 569 ‘quam
1296 528 1371 554 vos
1391 512 1566 554 liberam
1587 528 1677 555 esse
1698 512 1802 556 velle
1851 506 1855 515 ’

337 571 610 627 perstrepitis,
647 571 715 611 cui
752 569 910 610 servit?
953 569 1020 610 cui
1049 569 1202 609 tributa
1232 567 1462 624 persolvit‘.>
1504 569 1651 610 Nonne
1688 569 1803 624 prius
1858 570 1866 593 ’ἴ

337 627 623 668 meretricibus
668 624 901 667 serviebat?
945 630 985 665 et
1027 623 1147 665 vobis
1192 623 1505 677 dormientibus,
1550 625 1676 666 immo
1718 639 1803 665 non

337 681 587 732 valentibus,
627 680 820 721 dominus
856 693 973 719 meus
1012 679 1240 734 imperator
1277 686 1479 734 augustus
1515 695 1539 720 a
1568 687 1653 721 tam
1688 681 1804 736 turpi

337 738 536 779 servitute
580 735 799 778 liberavit?
850 735 1150 777 Constantinus
1194 735 1421 789 imperator
1463 743 1686 790 augustus,
1731 736 1803 791 qui

336 793 444 833 hanc
475 807 528 833 ex
558 807 632 832 suo
662 791 829 832 nomine
864 789 1053 831 condidit
1083 790 1309 841 civitatem,
1348 796 1516 831 sanctae
1550 790 1804 845 apostolicae

336 848 549 889 Romanae
580 846 790 899 ecclesiae,
821 852 868 887 ut
896 853 986 887 erat
1013 845 1312 897 kosmocrator,
1350 844 1480 885 multa
1508 845 1680 886 donaria
1709 860 1803 887 con·
1856 849 1858 851 ’

336 902 440 955 tuh't,
471 918 555 943 non
585 903 628 942 in
656 901 778 943 Italia
800 901 947 954 solum,
978 900 1051 941 sed
1070 902 1114 941 in
1135 899 1328 941 omnibus
1349 915 1455 955 pene
1477 900 1804 942 occidentalibus

335 960 493 1013 regnis,
537 972 700 999 necnon
744 957 795 998 de
839 955 1109 997 orientalibus
1152 963 1277 1010 atque
1321 956 1579 1009 meridianis,
1626 956 1805 998 Graecia

337 1014 507 1067 scilicet,
537 1014 706 1065 Iudaea,
741 1012 925 1065 Perside,
955 1012 1272 1067 Mesopotamia,
1308 1010 1554 1068 Babylonia,
1593 1011 1804 1068 Aegypto,

335 1070 484 1124 Libya,
524 1075 570 1110 ut
608 1070 739 1124 ipsius
776 1074 979 1110 testantur
1015 1066 1245 1123 privilegia,
1289 1081 1395 1122 quae
1432 1082 1560 1122 penes
1589 1082 1664 1109 nos
1694 1074 1804 1109 sunt.

337 1126 447 1167 Sane
487 1124 688 1181 quicquid
726 1125 769 1164 in
806 1123 938 1176 Italia,
981 1123 1054 1165 sed
1093 1130 1159 1164 eta
1190 1123 1256 1163 *in
1288 1123 1484 1175 Saxonia,
1526 1122 1802 1178 Bagoariaw,

335 1181 528 1223 omnibus
558 1180 716 1221 domini
746 1180 828 1220 mei
857 1180 997 1234 regnis
1027 1185 1100 1231 est,
1132 1178 1244 1234 quod
1273 1178 1326 1219 ad
1355 1177 1637 1234 apostolorum
1663 1178 1803 1221 beato-

334 1252 428 1278 rum
459 1236 673 1278 ecclesiam
714 1235 896 1290 respicit,
935 1235 1291 1275 sanctissimorum
1327 1233 1610 1289 apostolorum
1647 1235 1803 1275 vicario

336 1291 522 1334 contulit.
581 1291 636 1332 Et
666 1292 701 1331 si
731 1299 804 1343 est,
835 1298 880 1331 ut
909 1290 1102 1331 dominus
1141 1304 1258 1330 meus
1297 1305 1351 1331 ex
1386 1288 1449 1330 his
1480 1289 1674 1331 omnibus
1704 1290 1804 1331 civi-

335 1355 451 1399 tates,
482 1346 614 1398 villas,
646 1345 796 1387 milites
818 1353 889 1386 aut
908 1345 1107 1385 familiam
1130 1345 1325 1397 obtineat,
1356 1344 1482 1386 deum
1507 1346 1671 1400 negavi.
1718 1345 1805 1388 Cur

334 1404 561 1457 imperator
598 1416 695 1442 vero
736 1416 820 1441 non
860 1400 1005 1441 itidem
1041 1400 1151 1443 facit,
1196 1407 1240 1440 ut
1281 1414 1340 1452 ea,
1387 1414 1494 1455 quae
1539 1401 1625 1441 suis
1665 1402 1805 1442 insunt

335 1458 488 1513 regnis,
519 1456 805 1512 apostolorum
835 1455 1050 1503 ecclesiae,
1088 1455 1247 1508 reddat,
1284 1461 1324 1496 et
1363 1470 1438 1510 per
1465 1454 1651 1497 laborem
1680 1462 1806 1512 atque

335 1513 665 1554 munificentiam
703 1511 862 1553 domini
898 1512 980 1552 mei
1020 1510 1149 1552 ditem
1186 1518 1226 1552 et
1260 1509 1448 1564 liberam,
1486 1509 1680 1553 ditiorem
1715 1512 1805 1567 ipse

335 1584 384 1610 ac
413 1568 651 1610 liberiorem
680 1567 858 1609 reddat?
1860 1611 1864 1616 .

451 1625 513 1665 18.
555 1623 653 1665 ‘Sed
682 1623 786 1676 hoc',
816 1623 874 1663 ait
902 1621 1082 1663 Basilius
1103 1621 1457 1677 parakinumenos
1469 1630 1496 1673 0,
1527 1621 1679 1674 ‘faciet,
1710 1636 1806 1663 cum

337 1680 392 1721 ad
411 1687 558 1721 nutum
580 1694 703 1720 suum
723 1679 857 1719 Roma
879 1685 919 1719 et
940 1678 1128 1719 Romana
1148 1677 1325 1719 ecclesia
1347 1676 1632 1720 ordinabitur‘.
1676 1677 1805 1719 Tum:

338 1735 517 1788 ‘Homo',
554 1736 739 1791 inquam,
778 1734 975 1790 ‘quidam,
1013 1732 1186 1774 multam
1216 1734 1268 1774 ab
1300 1732 1379 1774 alio
1410 1747 1561 1788 passus
1597 1733 1805 1787 iniuriam,

338 1792 401 1832 his
432 1791 558 1833 deum
588 1805 810 1845 aggressus
842 1797 902 1831 est
932 1789 1090 1830 verbis:
1136 1789 1332 1842 Domine,
1362 1789 1530 1830 vindica
1558 1803 1624 1830 me
1656 1789 1707 1831 de
1736 1789 1807 1830 ad-

337 1847 522 1888 versario
564 1847 676 1887 meo!
732 1845 812 1887 Cui
856 1845 1068 1887 dominus:
1117 1845 1302 1898 Faciam,
1340 1845 1488 1900 inquit,
1524 1845 1569 1885 in
1607 1845 1674 1886 die
1711 1859 1807 1886 eum

338 1902 512 1944 reddam
554 1902 781 1957 unicuique
826 1900 1056 1942 secundum
1101 1915 1228 1955 opera
1272 1901 1367 1941 sua!
1430 1900 1488 1941 At
1529 1899 1616 1941 ille:
1670 1900 1808 1953 Quam

338 1959 476 2000 tarde!
508 1957 623 1998 infit⁷.

455 2014 518 2054 19.
560 2014 680 2054 Tunc
720 2027 863 2053 omnes
900 2018 1039 2067 preter
1067 2011 1236 2053 fratrem
1264 2010 1466 2052 cachinno
1499 2012 1711 2064 commoti,
1749 2011 1808 2052 di-

340 2071 641 2124 sceptat-ionem
679 2068 937 2120 dimiserunt,
975 2081 1127 2122 meque
1161 2068 1205 2107 in
1240 2067 1420 2108 invisam
1459 2066 1630 2108 domum
1666 2066 1810 2108 reduci

340 2132 630 2182 preceperunt,
662 2138 897 2179 magnaque
928 2123 1131 2164 custodiri
1160 2122 1322 2163 cautela
1348 2137 1481 2178 usque
1506 2123 1550 2163 in
1570 2128 1811 2164 sanctorum

340 2180 626 2236 apostolorum
655 2180 860 2234 religiosis
892 2179 1051 2220 cunctis
1087 2178 1293 2220 celebrem
1330 2179 1456 2220 diem.
1515 2178 1611 2230 Qua
1641 2177 1810 2220 celebri-

341 2244 424 2279 tate
454 2252 520 2277 me
551 2236 650 2277 satis
682 2242 912 2290 aegrotum,
942 2248 1105 2275 necnon
1135 2241 1176 2275 et
1204 2234 1485 2289 Bulgarorum
1516 2234 1697 2287 nuntios,
1739 2234 1811 2290 qui

342 2291 477 2347 pridie
508 2298 723 2343 venerant,
755 2291 809 2331 ad
848 2297 1011 2331 sanctos
1042 2289 1251 2345 apostolos
1287 2289 1367 2330 sibi
1407 2290 1575 2332 obviare
1609 2290 1810 2346 precepit.

344 2348 536 2403 Cumque
572 2354 667 2402 post
705 2347 950 2387 naeniarum
988 2345 1274 2400 garrulitatem
1305 2352 1345 2387 et
1374 2346 1597 2386 missarum
1633 2345 1812 2387 celebra-

341 2405 496 2445 tionem
527 2403 581 2444 ad
610 2417 798 2443 mensam
829 2402 1114 2453 invitaremur,
1146 2402 1188 2441 in
1219 2401 1400 2442 citeriori
1421 2415 1590 2442 mensae
1612 2401 1810 2455 margine,

342 2499 370 2531 a)
396 2507 482 2523 rocem
507 2499 602 2523 adieci.
683 2496 712 2529 b)
734 2498 860 2523 baoaria
882 2498 907 2523 (ζ’.
991 2503 1017 2528 c)
1041 2497 1302 2528 parakimomcnos
1325 2498 1354 2522 C.

347 2574 381 2616 1)
409 2574 602 2606 Bohemiae
630 2573 754 2605 ducem
789 2577 948 2615 spectare
980 2573 1127 2605 videtur.
1228 2571 1263 2613 2)
1294 2572 1512 2604 Constantin.
1540 2571 1582 2602 de
1610 2571 1702 2603 adm.
1729 2572 1811 2614 imp.

346 2633 375 2656 c.
400 2624 440 2654 13
468 2635 501 2666 p.
521 2622 585 2653 88:
615 2617 697 2654 οὐδὲ
726 2616 983 2667 αὐτοκράτορος
1010 2620 1065 2653 καὶ
1091 2618 1263 2663 ἐνθέσμου
1292 2618 1459 2664 βασιλέως
1494 2615 1650 2665 θυγάτηρ
1677 2615 1697 2663 ἡ
1727 2617 1814 2651 ἐκδι-

345 2669 473 2715 ὃομένη
502 2668 691 2715 ἐτύγχανενἾ
729 2666 816 2702 ἀλλὰ
842 2669 956 2715 τρίτου
984 2680 1039 2701 και
1065 2665 1211 2713 ἐσχάτου
1238 2668 1294 2700 καὶ
1321 2665 1367 2700 ἔτι
1393 2664 1609 2713 υποχειρίου.
1639 2686 1682 2691 -
1709 2668 1812 2699 Nice-

345 2720 473 2763 phorus
500 2721 575 2762 ipse
593 2722 718 2762 postea
736 2720 885 2751 Romani
904 2719 952 2751 II.
975 2719 1195 2761 imperatoris
1214 2717 1293 2749 filiis
1313 2717 1448 2760 puellas
1469 2728 1510 2749 ex
1528 2718 1698 2758 sanguine
1718 2717 1814 2758 regio

346 2769 577 2810 Bulgarorum
612 2769 647 2799 in
682 2768 940 2800 matrimonium
975 2767 1057 2798 dare
1094 2766 1203 2799 voluit
1242 2766 1367 2808 (Leon.
1402 2766 1507 2797 Diae.
1535 2766 1625 2798 Hist.
1654 2766 1684 2798 V
1711 2776 1742 2796 c.
1769 2765 1817 2803 3).

347 2816 383 2859 3)
412 2818 453 2849 In
479 2818 645 2849 Baioaria
672 2816 824 2848 ecelesia
850 2817 1007 2848 Romana
1033 2817 1099 2847 tria
1125 2814 1269 2858 praedia
1287 2815 1454 2857 possedit,
1480 2825 1541 2857 pro
1561 2814 1685 2856 quibus
1704 2813 1815 2845 archi-

347 2866 535 2909 episcopus
563 2865 838 2907 Salisburgensis
865 2870 933 2898 tres
962 2865 1098 2907 argenti
1124 2864 1231 2896 libras
1260 2864 1445 2905 quotannis
1473 2863 1642 2895 solvebat.
