1902 3200
251 234 550 268 LIUDPRANDI
577 233 923 266 ANTAPODOSIS.
975 235 1068 266 LIB.
1098 236 1166 267 ΙΙΙ.
1219 237 1374 268 45-47.
1518 237 1561 269 75

80 346 275 387 traditam
305 344 501 391 fronesin,
534 343 576 384 id
607 351 669 384 est
699 343 960 398 sapientiam,
991 344 1316 398 Burgundiones
1348 360 1418 386 eos
1440 347 1559 401 quasi
1578 365 1642 391 932.

80 400 352 455 gurguliones
401 399 550 454 apello,
599 398 666 439 vel
717 397 829 454 quod
873 397 927 438 ob
974 399 1215 453 superbiam
1261 406 1345 441 toto
1390 408 1559 455 gutture

78 456 316 511 loquantur,
347 454 425 507 vel,
456 454 569 510 quod
599 454 741 495 verius
772 459 846 505 est,
884 453 1116 506 edacitatia,
1159 468 1265 509 quae
1304 470 1378 509 per
1416 455 1560 508 gulam

80 517 321 562 exercetur,¹
343 510 467 550 nimis
497 508 765 564 indulgeant'.
824 508 913 549 Nec
953 523 1083 561 mora,
1115 509 1179 549 his
1209 509 1374 562 auditis,
1416 511 1561 565 Hugo-

78 580 176 607 nem
204 580 346 620 regem
387 566 525 606 cuncti
557 564 768 617 deserunt,
808 571 933 619 atque
964 564 1143 605 eundem
1172 564 1449 606 Albericumh
1483 567 1560 607 sibi

78 620 296 662 dominum
326 620 501 675 eligunt3
533 627 574 662 et
603 636 654 661 nc
685 621 876 675 spacium
902 619 1073 674 quidem
1094 619 1245 660 milites
1268 621 1559 661 introducendi

76 690 176 716 suos
213 691 290 717 rex
326 676 456 730 Hugo
502 676 686 728 haberet,
732 675 1005 716 munitionem
1052 675 1270 716 confestim
1316 676 1562 731 obpugnare

76 731 305 787 inceptant.

188 788 255 829 46.
314 787 467 843 Liquet
506 787 672 828 divinae
716 786 1041 841 dispensationis
1079 786 1158 826 1100
1198 786 1419 827 consilium
1457 801 1560 839 csse,

77 848 124 883 ut
153 843 265 897 quod
296 858 373 884 rex
402 843 530 897 Hugo
561 849 646 883 tam
676 843 853 897 turpiter
884 849 1054 897 ceperat
1089 841 1256 894 scelere,
1293 857 1389 883 eum
1429 843 1560 883 omni-

76 899 214 939 modis
245 899 434 954 optinere
464 913 549 939 non
578 912 715 952 posse.
760 898 896 938 Tanto
924 898 1080 953 quippe
1108 903 1171 938 est
1196 904 1353 939 terrore
1376 905 1559 950 coactus,

77 961 123 995 ut
152 968 228 1009 per
256 954 400 995 restim
431 969 474 995 se
504 954 640 1009 ipsum
672 968 721 995 ea
751 968 805 994 cx
834 959 953 1008 parte
991 967 1075 1008 qua
1105 954 1282 995 civitatis
1313 968 1433 994 muro
1471 968 1559 994 mu-

76 1010 178 1050 nitio
208 1008 426 1051 inherebat
455 1009 684 1064 deponens,
716 1023 808 1049 eam
840 1008 1063 1060 desereret,
1094 1016 1220 1063 atque
1251 1009 1306 1049 ad
1336 1024 1433 1050 suos
1465 1023 1558 1049 0011-

75 1064 251 1118 fugeret.
319 1063 536 1118 Expulsus
575 1065 706 1118 igitur
744 1078 821 1104 rex
861 1064 989 1118 Hugo
1031 1078 1126 1103 cum
1167 1064 1329 1119 prefata
1358 1065 1558 1117 Marozia,

75 1119 291 1161 Romanae
340 1120 456 1161 urbis
505 1118 729 1160 Albericus
778 1119 1065 1159 monarchiam
1115 1120 1259 1172 tenuit,
1308 1119 1434 1161 fratre
1483 1135 1558 1160 suo

74 1173 261 1216 Iohanne
306 1175 459 1215 summi
498 1180 624 1230 atque
674 1173 921 1215 universahs
965 1173 1225 1228 praesulatus
1269 1174 1359 1215 sedi
1402 1176 1560 1230 pracsi-

76 1229 239 1272 dente1.

185 1286 252 1327 47.
311 1285 443 1326 Aiunt
492 1285 676 1341 quidam,
732 1285 916 1337 Bertam,
972 1285 1169 1339 Hugonis
1214 1287 1325 1341 regis
1370 1293 1560 1338 matrem,

74 1339 304 1383 Adelberto
345 1341 576 1382 marchioni
617 1341 707 1381 viro
749 1355 824 1382 suo
856 1340 1016 1381 nullum
1047 1340 1179 1382 filiuni
1209 1343 1436 1397 peperisse,
1487 1343 1560 1384 sed

74 1396 128 1438 ab
158 1396 251 1437 aliis
281 1396 525 1438 mulieribus
557 1396 664 1437 clam
695 1403 904 1452 acceptos,
936 1396 1129 1438 simulato
1160 1403 1297 1452 pal-tii,
1330 1398 1559 1439 NVidonem

75 1459 116 1493 et
144 1452 419 1494 Lambertum
450 1453 529 1493 sibi
559 1453 842 1508 supposuisse,
874 1453 1072 1508 quatinus
1102 1460 1198 1508 post
1227 1460 1404 1494 mortem
1434 1453 1560 1496 Adel-

74 1507 194 1560 berti,
232 1508 385 1549 Bcrtae
424 1507 497 1548 filii
537 1523 622 1549 non
668 1508 873 1560 deessent,
918 1523 1097 1564 quorum
1137 1508 1346 1550 adiutorio
1392 1524 1559 1551 omnem

75 1564 213 1605 mariti
259 1565 324 1604 sui
368 1565 607 1619 potenciam
655 1563 899 1619 possideret.
973 1564 1068 1604 Hoc
1113 1571 1255 1605 autem
1300 1565 1558 1606 mendatium

74 1619 177 1659 mihi
217 1619 312 1661 ideo
350 1619 517 1660 videtur
556 1634 648 1660 esse
687 1620 915 1672 inventum,
954 1620 1150 1675 quatinus
1192 1620 1398 1662 incestum
1435 1635 1559 1661 suum

72 1673 151 1714 hac
209 1675 429 1716 occasione
486 1690 563 1716 rex
604 1675 730 1729 Hugo
770 1682 942 1729 tegeret,
991 1675 1189 1715 infamiae
1233 1676 1362 1733 ὓβριν,
1413 1677 1456 1717 id
1498 1684 1560 1718 est

72 1730 369 1785 tupitudinem,
401 1731 634 1773 evaderet..
671 1731 736 1771 Ea
775 1737 913 1771 tamen
952 1745 1059 1785 quae
1097 1745 1210 1771 nunc
1238 1732 1447 1772 narranda
1484 1740 1558 1785 est,

72 1799 148 1826 cur
176 1785 255 1827 hoe
287 1786 446 1827 dictum
477 1787 541 1837 sit,
572 1786 661 1826 veri
691 1785 867 1826 similior
887 1786 990 1826 mihi
1010 1786 1179 1828 videtur
1198 1788 1386 1828 assertio.
1436 1787 1558 1828 Lam-

72 1841 228 1893 bertus,
260 1842 331 1896 qui
362 1849 458 1897 post
487 1841 683 1883 lVidonis
711 1841 851 1882 fratris
883 1843 947 1882 sui
971 1848 1148 1883 mortem
1170 1842 1349 1884 Tusciae
1372 1857 1558 1884 marcam

71 1896 252 1949 tenebat,
290 1898 355 1937 vir
391 1904 480 1938 erat
517 1895 742 1938 bellicosus
782 1904 823 1938 et
861 1897 915 1937 ad
955 1896 1173 1952 quodlibet
1209 1898 1372 1939 facinus
1402 1899 1557 1939 audax.

73 1951 210 2004 Quem
242 1953 293 1994 ob
324 1968 505 2008 regnum
536 1952 730 1993 Italicum
761 1968 837 1993 rex
858 1952 985 2008 Hugo
1017 1959 1261 2008 suspectum
1287 1955 1412 1995 nimis
1434 1954 1560 1995 habe-

70 2006 156 2048 bat.
215 2007 412 2049 Timebat
441 2009 566 2059 enim,
598 2024 649 2049 ne
680 2007 896 2049 italienses
928 2024 970 2050 se
1007 2008 1256 2062 desererent,
1288 2016 1330 2051 et
1358 2008 1559 2050 Lamber-

70 2068 160 2103 tum
190 2078 335 2118 regem
365 2066 680 2105 constituerent.
746 2064 858 2104 Boso
896 2064 1090 2120 denique,
1132 2080 1185 2105 ex
1226 2065 1373 2106 eodem
1411 2072 1558 2121 patre²

70 2119 181 2174 regis
212 2119 407 2173 Hugonis
438 2119 578 2171 frater,
616 2118 862 2160 insidiarum
894 2119 1066 2175 laqueos
1098 2120 1196 2160 huic
1232 2129 1466 2176 paraverat,
1509 2136 1557 2162 eo

73 2174 188 2229 quod
216 2176 307 2230 ipse
339 2175 524 2216 marchio
555 2175 735 2216 Tusciae
764 2175 853 2215 fieri
878 2176 1149 2217 vehementer
1167 2176 1403 2219 anhelabat.
1449 2178 1558 2218 Con-

71 2229 164 2271 silio
195 2230 324 2285 igitur
353 2231 502 2271 11111113ε
532 2246 608 2272 rex
638 2230 766 2285 Hugo
787 2231 1015 2272 Lamberto
1045 2232 1298 2273 cominando
1324 2232 1556 2284 denuntiat,

71 2300 123 2327 ne
154 2301 197 2327 se
226 2286 397 2328 fratrem
428 2301 550 2327 suum
582 2286 763 2341 amplius
792 2286 933 2328 dicere
961 2287 1126 2328 audeat.
1186 2288 1229 2329 Is
1255 2303 1367 2341 vcro,
1399 2295 1445 2329 ut
1469 2296 1557 2330 erat

70 2342 199 2382 animi
229 2342 381 2383 ferocis
411 2350 538 2398 atque
574 2341 887 2397 indisciplinati,
924 2357 1009 2383 11011
1048 2343 1274 2396 moderate,
1318 2351 1363 2385 ut
1399 2344 1554 2395 debuit,

71 2397 144 2438 sed
189 2397 386 2439 effrenate
429 2399 487 2439 ita
538 2398 803 2452 *respondit:
863 2398 938 2439 ‘Ne
968 2398 1147 2439 inficiari
1177 2414 1254 2440 rex
1298 2400 1442 2455 possit,
1488 2414 1555 2440 me

70 2452 240 2494 fratrem
271 2468 393 2493 suum
425 2468 528 2505 esse,
558 2468 633 2494 nos
664 2468 748 2494 uno
780 2469 833 2494 ex
864 2468 1038 2509 corpore
1070 2454 1335 2511 eundemque
1365 2470 1441 2510 per
1468 2454 1555 2495 adi-

70 2511 161 2549 tum
205 2509 248 2549 in
287 2508 424 2550 lucem
462 2509 680 2564 prodiisse,
727 2509 864 2551 duello
897 2510 1048 2565 cupiod
1091 2512 1253 2551 cunctis
1285 2509 1551 2552 cernentibus

69 2614 98 2647 a)
121 2616 231 2640 edat-iti
255 2617 280 2642 1,
363 2616 393 2649 1))
416 2617 552 2643 albericu
577 2619 604 2642 1.
688 2615 714 2648 0)
737 2617 804 2642 hius
830 2619 856 2642 l.
939 2617 969 2649 d)
995 2618 1083 2649 cepio
1109 2619 1135 2643 1.

75 2712 111 2755 1)
140 2714 193 2746 Cf.
220 2715 309 2757 Leg.
340 2727 370 2749 c.
399 2716 456 2757 62,
495 2716 688 2749 Flodoardi
724 2718 816 2749 Hist.
849 2717 948 2749 Rem.
977 2717 1064 2749 eccl.
1093 2717 1143 2748 IV
1172 2727 1201 2749 0.
1230 2718 1295 2748 24:
1335 2718 1556 2760 praedictam

73 2767 219 2795 matrem
253 2765 407 2806 ipsorum
444 2766 510 2807 (sc.
546 2766 696 2797 Mariam
733 2775 822 2807 quae
859 2770 894 2797 et
925 2764 1093 2806 Marotia)
1129 2767 1164 2796 in
1200 2765 1358 2798 custodia
1399 2767 1554 2799 clausam

72 2812 217 2843 tenebat
244 2813 473 2855 (bAlbericus),
506 2815 694 2856 Hugonem
733 2824 872 2856 quoque
909 2824 1028 2855 regem
1063 2815 1175 2846 Roma
1203 2814 1404 2856 depulerat;
1442 2817 1554 2848 Bene-

75 2859 160 2892 dicti
188 2861 306 2894 chren.
337 2873 365 2894 0.
394 2863 451 2895 32.
553 2862 591 2904 2)
618 2862 839 2895 Theotbaldo
869 2863 1007 2901 comite,
1037 2862 1081 2894 cf.
1110 2873 1214 2905 supra
1241 2863 1258 2894 Ι
1287 2874 1317 2896 c.
1344 2864 1402 2895 39.

1577 1298 1654 1332 (13.)

1571 2411 1578 2419 ⁸
1592 2421 1621 2445 p.
1637 2413 1702 2439 314.
