1878 3201
224 557 276 591 (2)

79 591 143 617 949-
156 596 234 628 Aug.
248 600 272 623 1.

134 898 182 932 ⁴p.
208 901 273 927 338.

127 940 204 970 Aug.
229 941 274 967 25.

123 977 203 1010 Sept.
228 981 273 1007 17.

53 1748 150 1775 ·'scil.
164 1752 270 1778 sedile.

297 170 362 200 1⁶20
501 170 800 202 LIUDPRANDI
826 168 1166 203 ANTAPODOSIS.
1219 171 1311 202 LIB.
1339 170 1402 201 VI.
1454 170 1560 202 3—5.

294 293 418 320 nemo
449 280 609 330 melius,
640 290 727 322 tum
750 281 802 322 ob
825 280 991 322 dicendi
1019 282 1182 335 copiam
1203 296 1326 322 nemo
1349 280 1607 322 commodius
1628 280 1766 324 faeere

293 342 445 391 potest.
505 335 618 387 Quid
658 336 818 388 dicam,
859 351 985 390 quam
1013 336 1135 377 facile
1173 337 1384 377 doctrinas
1423 336 1562 378 ebibet
1593 335 1764 390 Greeas,

295 392 366 446 qui
387 398 473 432 tam
494 391 724 446 puerilibus
754 392 798 431 in
827 392 945 432 annis
977 393 1162 446 epotavit
1182 392 1352 432 Latinas
1366 391 1396 431 ’Ψ
1427 391 1520 432 Hac
1542 406 1615 446 spe
1638 406 1765 447 quam

292 461 393 487 mox
436 447 611 487 vitricus
654 448 886 499 animatus,
922 447 1120 501 inpensas
1157 461 1299 488 omnes
1339 447 1573 499 distribuit,
1615 462 1765 503 meque

292 503 456 557 magnis
489 517 583 542 cum
614 501 857 543 muneribus
889 500 1292 556 Constantinopolin]
1323 502 1487 543 direxit.

402 560 439 598 4.
498 557 582 598 Die
622 558 778 612 quippe
810 556 1088 598 Calendarum
1119 557 1405 611 Augustarum
1439 559 1573 614 Papia
1608 559 1765 612 exiens,

291 627 368 668 per
387 613 591 654 Heridani
611 613 777 654 alveum
797 612 936 653 triduo
958 612 1178 653 Venetiam
1202 613 1318 665 veni,
1348 613 1420 653 ubi
1441 620 1480 654 et
1502 613 1766 655 salemonem

292 668 526 709 Grecorum
546 669 752 720 nuntium,
768 668 989 720 kitonitan,
1021 668 1268 721 eunuchum,
1288 670 1466 723 repperi,
1487 670 1540 711 ab
1561 670 1769 725 Hispania

292 732 332 766 et
364 725 552 765 Saxonia
580 738 795 765 reversum
827 723 1232 778 Constantinopolim
1270 738 1416 765 versus
1452 725 1621 766 tendere
1652 726 1766 780 cupi-

292 789 441 832 entem,
475 794 701 834 secumque
732 779 954 821 ducentem
985 779 1144 820 domini
1182 780 1331 831 nostri,
1370 785 1469 819 tunc
1506 782 1617 834 regis
1652 796 1766 822 nunc

290 835 565 889 imperatoris,
604 836 768 889 magnis
809 849 903 875 cum
933 834 1176 876 muneribus
1205 835 1411 886 nuntium,
1452 835 1766 877 *Liutefredum

290 890 460 941 scilicet,
491 891 782 945 Magontinum
811 891 1041 932 institorem
1073 891 1334 932 ditissimum.
1396 890 1556 932 Octavo
1587 891 1767 946 denique

288 945 504 987 Kalendas
537 946 794 1001 Septembris
825 947 1025 988 Venetial
1068 957 1282 999 exeuntes,
1312 946 1410 987 XV.
1440 946 1655 988 Kalendas
1686 948 1768 990 Oc-

287 1002 449 1043 tubrisa
480 1001 885 1057 Constantinopolim
915 1003 1127 1051 venimus,
1168 1003 1241 1043 ubi
1272 1017 1398 1057 quam
1428 1002 1614 1044 inaudito
1644 1005 1769 1046 miro-

291 1072 371 1112 que
403 1058 532 1098 simus
563 1058 689 1099 modo
720 1059 891 1113 recepti,
923 1058 1105 1099 scribere
1135 1073 1220 1098 non
1249 1058 1423 1113 pigebit.

399 1114 436 1154 5.
496 1114 573 1154 Est
596 1114 1002 1169 Constantinopolim
1034 1114 1181 1154 domus
1212 1113 1366 1169 palatio
1398 1114 1606 1169 contigua,
1637 1115 1767 1158 mirae

287 1169 589 1223 magnitudinis
630 1185 702 1211 seu
740 1169 1080 1225 pulclnitudinis,
1121 1184 1228 1225 quae
1265 1184 1289 1210 a
1327 1168 1475 1210 Grecis
1512 1184 1589 1225 per
1617 1185 1651 1217 y„
1674 1170 1766 1213 loco

288 1224 525 1278 digammae
570 1226 752 1281 positam
795 1226 1053 1279 Magnaura,
1100 1226 1219 1280 quasi
1261 1240 1415 1280 magna
1457 1239 1557 1266 aura
1602 1225 1767 1269 dicitur.

287 1279 412 1321 Hane
442 1281 583 1336 itaque
617 1281 929 1333 Constantinus,
962 1296 1058 1322 cum
1089 1282 1141 1323 ob
1167 1281 1455 1336 Hispanorum
1486 1282 1665 1335 nuntios,
1697 1284 1769 1338 qui

286 1344 387 1376 tunc
417 1338 465 1377 eo
497 1337 660 1377 noviter
697 1344 898 1377 venerant
910 1345 936 1389 ²,
977 1343 1065 1377 tum
1104 1337 1156 1378 ob
1197 1352 1262 1377 me
1304 1347 1344 1377 et
1372 1336 1659 1378 Liutefredum
1688 1338 1768 1380 hoc

286 1391 412 1432 inodo
443 1393 660 1447 preparari
690 1392 821 1432 iussit.
880 1393 1019 1433 Aerea
1050 1393 1122 1433 sed
1159 1392 1359 1433 deaurata
1399 1392 1605 1447 quaedam
1643 1393 1768 1435 arbor

286 1454 382 1487 ante
426 1448 691 1502 imperatoris
737 1447 865 1489 sedile
906 1448 1055 1495 stabat,
1101 1448 1220 1489 euius
1259 1462 1398 1488 ramos
1435 1447 1579 1489 itidem
1620 1463 1766 1491 aereae

287 1502 442 1543 diversi
471 1503 636 1558 generis
677 1503 959 1558 deaurateque
988 1518 1087 1545 aves
1127 1502 1356 1558 replebant,
1400 1517 1506 1558 quae
1537 1504 1766 1546 secundum

287 1559 448 1613 species
480 1574 573 1600 suas
606 1559 864 1600 diversarum
895 1560 1037 1600 avium
1075 1573 1199 1600 voces
1240 1559 1484 1600 emittebant
1497 1565 1524 1599 ³.
1583 1560 1767 1615 Impera-

285 1615 386 1655 toris
416 1630 516 1656 vero
549 1614 699 1656 solium
729 1614 969 1656 huiusmodi
1000 1622 1086 1656 erat
1115 1622 1203 1655 arte
1235 1615 1527 1670 compositum,
1557 1617 1661 1656 utin
1680 1632 1768 1659 mo-

286 1676 425 1711 mento
456 1670 625 1724 humile,
657 1670 837 1712 exelsius
867 1670 1007 1724 modo,
1039 1686 1165 1727 quam
1195 1685 1296 1711 mox
1325 1671 1538 1712 videretur
1567 1671 1765 1727 sublime,

288 1725 429 1780 quod*
474 1727 689 1768 inmensae
734 1727 1060 1782 magnitudinis,
1114 1727 1321 1768 incertum
1374 1732 1514 1767 utrum
1558 1728 1670 1769 aerei
1711 1744 1765 1770 an

284 1780 424 1836 lignei,
456 1797 602 1823 verum
633 1797 734 1824 auro
764 1784 863 1824 tecti
892 1782 1033 1824 leones
1060 1783 1179 1838 quasi
1200 1782 1505 1835 custodiebant,
1539 1784 1611 1838 qui
1633 1785 1767 1826 cauda

284 1843 436 1878 terram
457 1839 753 1893 percutientes,
784 1845 928 1894 aperto
951 1854 1033 1891 ore,
1065 1839 1303 1893 linguisque
1326 1837 1550 1880 mobilibus
1579 1840 1765 1895 rugitum

284 1893 603 1936 emittebantw.
671 1895 721 1935 In
760 1894 838 1935 hae
874 1895 1003 1950 igitur
1039 1894 1215 1935 duorum
1255 1894 1541 1935 eunuchorum
1580 1894 1764 1937 humeris

282 1949 542 2002 incumbens,
573 1956 669 1991 ante
699 1951 962 2005 imperatoris
983 1951 1238 2006 presentiam
1260 1964 1351 1990 sum
1372 1948 1591 1991 deductus.
1637 1950 1764 1993 Cum-

285 2019 364 2059 que
395 2005 437 2045 in
467 2005 651 2047 adventu
681 2021 774 2047 meo
805 2008 991 2061 rugitum
1022 2005 1162 2047 leones
1200 2006 1448 2058 emitterent,
1490 2020 1588 2047 aves
1619 2021 1763 2048 secun-

282 2061 383 2101 dum
415 2062 567 2117 speties
599 2076 693 2102 suas
723 2068 1045 2118 perstreperent,
1075 2061 1188 2102 nullo
1221 2076 1311 2101 sum
1341 2068 1510 2114 terrore,
1549 2061 1662 2103 nulla
1691 2064 1763 2105 ad-

280 2117 501 2158 miratione
543 2124 790 2169 commotus,
831 2118 1028 2173 quoniam
1069 2117 1235 2173 quidem
1276 2132 1329 2158 ex
1364 2116 1428 2157 his
1468 2118 1661 2160 omnibus
1692 2133 1762 2161 eos

282 2173 353 2227 qui
383 2172 489 2213 bene
520 2182 723 2215 noverant
752 2174 912 2215 fueram
942 2181 1224 2229 percontatus.
1275 2173 1424 2213 Tercio
1444 2173 1586 2228 itaque
1606 2189 1764 2229 pronus

280 2229 575 2284 imperatorem
606 2229 797 2282 adorans,
830 2237 956 2284 eaput
985 2228 1147 2281 sustuli,
1179 2238 1219 2270 et
1251 2243 1375 2284 quem
1405 2229 1522 2284 prius
1547 2230 1764 2272 moderata

283 2324 310 2357 a)
332 2317 460 2351 octobris
483 2334 504 2351 c.
586 2327 616 2357 h»
641 2327 691 2357 qui
715 2334 737 2351 c.
758 2330 777 2354 t,
800 2334 829 2358 p.
854 2333 880 2351 a.
904 2334 930 2351 o.
954 2327 975 2351 1.
999 2334 1038 2354 m,
1060 2333 1082 2350 r.
1107 2332 1131 2351 e.
1155 2326 1253 2349 ‹Ie-sunt
1276 2325 1302 2349 2.
1326 2326 1352 2350 5.
1377 2325 1429 2351 5a.
1453 2326 1509 2350 5a'

283 2414 319 2454 1)
347 2413 592 2446 Henschenius
611 2415 702 2446 Acta
721 2415 783 2447 SS.
811 2414 916 2446 Febr.
935 2414 975 2445 T.
995 2414 1025 2445 1.
1051 2413 1161 2455 praef.
1190 2425 1224 2455 p.
1245 2414 1343 2445 XIX.
1370 2413 1449 2445 loco
1469 2414 1565 2445 vocis
1585 2414 1759 2446 ‘Venetia'

280 2460 368 2494 falso
396 2461 484 2503 legit
511 2462 580 2494 ‘die
597 2462 768 2495 Veneris'.
843 2461 881 2504 2)
900 2463 1060 2494 Meminit
1086 2462 1274 2503 legationis
1293 2463 1509 2504 Hispanicae
1530 2461 1585 2493 die
1607 2462 1661 2495 24.
1681 2463 1759 2496 Oct.

281 2520 391 2543 mens.
419 2516 583 2553 receptae
613 2511 832 2544 Constantia.
860 2511 1075 2553 Porphyrog.
1105 2512 1147 2542 de
1169 2511 1288 2542 cerim.
1309 2511 1410 2542 aulae
1430 2511 1575 2552 Byzant.
1595 2511 1632 2542 11
1653 2522 1682 2543 c.
1706 2512 1759 2552 15,

279 2570 313 2600 p.
342 2559 423 2590 571.
453 2559 521 2590 580
550 2560 604 2592 ed.
632 2561 776 2592 Reiske.
867 2558 904 2601 3)
933 2560 1077 2601 Georgii
1103 2559 1300 2591 Hamartoli
1329 2559 1455 2591 Chron.
1484 2569 1514 2590 c.
1540 2560 1559 2589 5
1588 2558 1660 2600 (ed.
1680 2559 1758 2592 Mu-

280 2607 347 2639 ralt
382 2619 416 2650 p.
455 2606 560 2650 702):
598 2605 820 2653 Φιλόκοσμρς
855 2606 894 2641 δὲ
930 2602 977 2640 ὧν
1010 2603 1028 2640 ὁ
1067 2604 1174 2647 αὑῑὸς
1210 2604 1385 2652 Θεόφιλος
1418 2603 1649 2641 κατεσκεύασε
1677 2632 1684 2641 .
1713 2631 1720 2640 .
1749 2632 1757 2640 .

281 2653 427 2701 δένδρον
454 2654 492 2688 δὲ
521 2654 684 2702 xovoofv,
712 2656 746 2690 ἐν
765 2654 790 2702 ᾧ
811 2655 980 2703 στρουθοὶ
1001 2652 1204 2701 ἐφεζόμενοι
1226 2653 1283 2688 διὰ
1304 2653 1460 2700 μηχανῆς
1477 2666 1567 2696 τινος
1588 2654 1758 2700 μουσικῶς

279 2701 475 2737 ἐκελάδουν.
565 2705 604 2747 4j)
621 2706 840 2739 Constantin.
861 2706 904 2738 de
920 2707 1036 2738 cerim.
1053 2705 1154 2737 aulae
1170 2705 1256 2747 Byz.
1276 2705 1312 2736 ΙΙ
1330 2716 1358 2736 c.
1378 2705 1420 2735 15
1436 2716 1471 2747 p.
1488 2705 1574 2737 569:
1592 2700 1759 2751 ἄρχονται

281 2750 482 2798 βρυχᾶοθαι
514 2754 545 2787 οἱ
571 2753 708 2795 λέοντες
740 2756 797 2788 καὶ
822 2752 864 2787 τὰ
892 2749 999 2800 ὄρνεα
1026 2750 1067 2785 τὰ
1091 2752 1125 2786 ἐν
1150 2751 1196 2799 τῷ
1225 2751 1380 2798 σῑὲνῑζῳ,
1416 2750 1547 2798 ὁμοίως
1572 2754 1629 2786 καὶ
1654 2749 1696 2786 τὰ
1723 2750 1758 2786 ἐν

286 2799 533 2848 ῑοῑςδὲνὸρεσι
563 2798 659 2848 ᾄδειν
687 2802 907 2850 ἐναρμονίως.
