1878 3201
131 338 185 362 968

65 776 121 800 Iul.
145 777 190 802 27.

6 1830 57 1856 Ps.
84 1831 133 1863 22,
160 1832 185 1857 5.

35 2159 112 2192 Aug.
139 2162 184 2186 15.

213 218 279 248 156
573 218 873 250 LIUDPRANDI
900 218 1123 250 LEGATIO.
1175 216 1330 248 45—4’1'.

210 328 423 378 successit,
461 327 664 382 compulit
700 327 903 368 ducentos
940 328 1224 382 Ungariorum
1262 327 1375 368 haud
1413 327 1537 382 longe
1577 327 1687 369 Con-

210 381 479 437 stantinopoli
517 383 560 422 in
598 382 848 424 Macedonia
886 382 1075 423 similiter
1111 382 1265 435 facere3
1307 398 1359 424 ex
1391 383 1555 438 quibus,
1588 396 1683 423 cum

207 438 374 479 incaute
404 452 480 492 per
511 445 731 492 angustam
761 438 945 478 redirent
973 438 1097 489 viam,
1129 438 1403 493 quadraginta
1435 444 1533 478 sunt
1553 438 1686 492 capti,

208 507 312 548 quos
342 507 454 533 nunc
483 493 746 547 Nicephorus
776 493 827 532 de
859 492 1048 533 custodia
1075 493 1261 545 eductos,
1291 493 1685 548 pretiosissimisque

207 548 394 589 vestibus
426 555 605 599 ornatos,
643 554 842 602 patronos
874 548 953 587 sibi
984 554 1024 588 et
1054 548 1290 588 defensores
1328 549 1503 603 paravit,
1543 562 1685 588 secum

206 604 250 644 in
279 602 478 657 Assyrios
509 602 679 643 ducens.
739 602 899 642 Verum
939 601 1073 657 qualis
1111 604 1164 643 sit
1200 603 1289 644 eius
1327 604 1548 655 exercitus,
1588 603 1685 643 hinc-

206 659 381 713 potestis
412 660 618 710 conicere,
651 658 849 713 quoniam
872 658 944 712 qui
965 659 1137 699 caeteris
1158 664 1356 712 prestant,
1377 658 1569 699 Venetici
1591 665 1687 699 sunt

208 720 248 755 et
276 712 567 768 Amalphitani
580 719 607 752 ²¹.

317 770 383 809 46.
443 767 566 808 Nunc
597 767 664 807 hic
696 768 872 819 omissis,
909 767 1011 822 quid
1050 768 1151 807 mihi
1193 768 1393 809 acciderit
1427 768 1686 809 animadver-

206 823 292 864 tite.
368 823 496 864 sexto
544 822 751 864 Calendas
795 822 979 877 Augusti
1030 831 1149 864 extra
1194 822 1601 877 Constantinopolim
1643 823 1688 863 in

206 878 385 919 Umbria
415 894 439 919 a
468 878 708 932 Nicephoro
729 877 941 919 licentiam
961 879 1105 933 accepi
1127 878 1180 919 ad
1201 893 1276 919 vos
1298 878 1512 919 redeundi.
1560 877 1686 919 Cum-

207 948 287 988 que
319 932 727 987 Constantinopolim
768 934 968 987 venirem,
1008 933 1336 988 Christophorus
1376 934 1575 988 patricius
1615 948 1685 974 eu-

204 988 381 1040 nuchus,
426 989 497 1044 qui
535 988 761 1043 Nicephori
798 989 937 1029 vicem
975 988 1122 1030 eodem
1162 990 1282 1043 gerit,
1320 989 1421 1029 mihi
1459 989 1686 1041 mandavit,

204 1059 289 1085 non
319 1059 442 1098 posse
464 1059 530 1085 1116
552 1052 651 1085 tunc
674 1044 883 1097 recedere,
915 1045 1013 1099 quia
1036 1044 1233 1086 Saraceni
1253 1052 1353 1085 tunc
1376 1050 1689 1099 occupaverunt

204 1114 318 1140 mare
350 1107 389 1140 et
419 1099 598 1154 Ungarii
628 1108 802 1152 terram,
835 1099 1146 1155 expectandum
1176 1100 1276 1140 mihi
1307 1114 1411 1153 esse,
1443 1100 1576 1141 donec
1605 1099 1687 1154 ipsi

205 1155 479 1196 discederent.
549 1154 634 1196 Sed
678 1163 915 1209 utrumque,
959 1155 1064 1210 proh
1109 1155 1238 1208 dolor,
1281 1155 1359 1196 fuit
1402 1155 1684 1196 mendacium.

205 1210 326 1250 Tunc
356 1210 539 1265 appositi
570 1218 664 1251 sunt
701 1211 908 1263 custodes,
947 1212 1019 1266 qui
1048 1211 1150 1251 mihi
1181 1218 1221 1252 et
1250 1212 1353 1251 meis
1383 1225 1408 1250 a
1437 1211 1561 1251 domo
1592 1225 1687 1252 mea

205 1267 363 1306 exitum
392 1266 674 1320 prohiberent.
733 1266 908 1307 Latinae
938 1266 1104 1321 linguae
1138 1281 1358 1321 pauperes,
1400 1267 1471 1321 qui
1507 1282 1574 1308 1116
1606 1265 1684 1306 616-

204 1322 463 1361 mosinarum
511 1322 647 1375 gratia
696 1322 914 1374 adierunt,
972 1322 1372 1376 comprehendentes
1429 1322 1683 1374 ceciderunt,

204 1376 419 1417 custodiae
462 1375 745 1428 tradiderunt3
792 1376 1083 1417 Graecolonon
1123 1392 1277 1427 meum,
1321 1377 1365 1417 id
1403 1384 1465 1417 est
1496 1376 1684 1417 Graecae

201 1431 371 1486 linguae
401 1446 593 1486 gnarum,
623 1446 707 1471 non
736 1432 1035 1485 permittebant
1063 1433 1217 1486 egredi,
1250 1431 1395 1473 saltem
1425 1439 1470 1473 ut
1491 1439 1685 1487 sumptus

203 1493 372 1538 emeret,
405 1486 478 1527 sed
509 1501 658 1526 cocum
689 1487 823 1527 solum
856 1487 1044 1528 Graecae
1075 1488 1242 1543 linguae
1263 1489 1478 1542 ignarum,
1511 1488 1581 1542 qui
1601 1502 1686 1528 non

203 1542 418 1597 signorum
449 1542 591 1596 signis,
623 1542 695 1582 sed
725 1542 951 1596 digitorum
983 1558 1057 1583 seu
1088 1544 1237 1598 capitis
1257 1544 1440 1595 nutibus,
1472 1557 1567 1582 cum
1588 1557 1685 1583 ven-

202 1597 335 1638 ditore
366 1606 530 1652 emptor
559 1596 823 1652 loquebatur,
862 1599 1050 1654 tantique
1084 1599 1266 1639 nummis
1297 1598 1462 1640 emebat
1492 1605 1684 1654 quatuor,

204 1653 350 1707 quanti
381 1652 668 1694 Graecolonus
710 1652 931 1694 obsonium
962 1669 1059 1695 uno.
1117 1654 1174 1695 Et
1204 1669 1300 1694 cum
1335 1655 1564 1694 amicorum
1596 1654 1685 1709 qui-

203 1709 300 1749 dam
331 1715 530 1760 aromata,
562 1723 705 1764 panes,
735 1709 893 1762 vinum,
924 1724 1050 1765 poma
1080 1710 1273 1761 mitteret,
1305 1709 1391 1752 solo
1424 1716 1574 1750 cuncta
1593 1710 1682 1750 fun-

203 1764 362 1815 dentes,
397 1765 566 1805 nuntios
605 1763 789 1819 colaphis
830 1766 929 1806 satis
969 1772 1159 1807 oneratos
1201 1765 1460 1806 dimiserunt.
1518 1765 1575 1806 Et
1603 1765 1684 1806 nisi

203 1819 344 1860 divina
374 1820 508 1874 pietas
547 1826 736 1874 parasset
771 1820 814 1859 in
855 1829 1082 1876 conspectu
1119 1836 1212 1861 meo
1251 1835 1441 1861 mensam
1479 1820 1682 1862 adversus

203 1889 273 1916 eos
305 1876 376 1930 qui
406 1874 609 1916 tribulant
638 1890 718 1928 me,
759 1890 843 1916 una
877 1876 980 1917 mihi
1018 1884 1165 1931 parata
1202 1891 1313 1917 mors
1350 1876 1456 1917 foret
1493 1883 1679 1931 accepta.

204 1930 289 1971 Sed
330 1931 402 1985 qui
439 1931 630 1985 permisit
677 1932 887 1985 temptari,
928 1931 1044 1973 dedit
1086 1938 1185 1972 tunc
1225 1930 1550 1972 misericorditer
1578 1932 1679 1986 pati.

201 1986 509 2027 Huiuscemodi
538 2001 605 2026 me
646 1986 879 2040 periculum
920 1988 1105 2028 secundo
1141 1987 1358 2027 Nonarum
1396 1987 1507 2027 Iunii
1545 2000 1682 2041 usque

200 2040 255 2081 ad
294 2048 462 2082 sextum
492 2041 635 2082 Nonas
673 2041 869 2083 Octobris
911 2041 1293 2097 Constantinopoli,
1334 2042 1481 2084 diebus
1521 2040 1681 2084 scilicet

200 2103 370 2137 centum
399 2097 563 2150 viginti,
593 2098 833 2140 maceravit.

310 2153 376 2192 47.
436 2153 595 2193 Verum
625 2159 673 2193 ut
701 2160 955 2207 augerentur
985 2152 1244 2194 calamitates
1265 2167 1396 2204 meae,
1426 2153 1470 2192 in
1490 2167 1679 2209 assump-

200 2207 313 2248 tione
344 2214 512 2248 sanctae
543 2207 610 2248 dei
650 2209 866 2262 genitricis
904 2215 945 2249 et
982 2209 1159 2264 virginis
1198 2208 1371 2259 Mariae,
1411 2223 1504 2249 meo
1543 2209 1680 2250 omine

199 2277 283 2303 non
323 2263 434 2304 bono
472 2270 675 2304 venerunt
715 2263 889 2304 domnib
930 2264 1149 2318 apostolici
1185 2270 1225 2305 et
1260 2263 1506 2304 universalis
1545 2278 1681 2319 papae

197 2317 420 2359 Iohannisl
452 2319 588 2359 nuntii
619 2334 715 2359 cum
756 2319 925 2370 litteris,
964 2320 1117 2375 quibus
1154 2318 1362 2374 rogabant
1389 2319 1678 2374 Nicephorum

196 2374 493 2429 imperatorem
513 2373 787 2425 Graecorum,
818 2382 864 2416 ut
892 2374 1148 2429 parentelam
1178 2375 1428 2429 firmamque
1449 2375 1678 2415 amicitiam

196 2428 351 2470 faceret
382 2444 476 2470 cum
508 2429 658 2471 dilecto
690 2429 980 2484 spiritualique
1011 2429 1094 2470 filio
1117 2445 1191 2470 suo
1215 2429 1368 2470 Ottone
1389 2430 1675 2470 Romanorum

195 2485 446 2540 imperatore
481 2494 675 2539 augusto.
735 2485 853 2537 Quae
890 2499 986 2537 vox,
1030 2500 1137 2540 quae
1177 2485 1407 2539 inscriptio,
1444 2485 1675 2525 secundum

197 2539 383 2581 Graecos
413 2541 633 2595 peccatrix
663 2548 704 2581 et
735 2541 967 2593 temeraria,
999 2540 1208 2596 quomodo
1248 2539 1420 2581 latorem
1450 2554 1535 2580 non
1565 2541 1673 2581 occi-

195 2594 314 2648 derit,
348 2611 435 2647 cur,
466 2597 714 2651 priusquam
743 2595 989 2651 legereturc,
1020 2610 1104 2636 non
1126 2596 1392 2651 oppresserit,
1426 2596 1497 2650 qui
1518 2596 1561 2636 in
1581 2596 1672 2636 aliis

194 2650 319 2692 rebus
351 2666 476 2707 saepe
506 2652 652 2692 videor
681 2651 968 2706 spermologus
990 2658 1030 2693 et
1050 2651 1312 2704 multisonus,
1342 2652 1384 2690 in
1406 2650 1496 2703 hac,
1527 2658 1573 2692 ut
1592 2652 1674 2706 pis-

195 2745 224 2779 a)
248 2747 461 2778 amalphitiani
485 2748 511 2772 C.
594 2746 624 2779 b)
649 2748 763 2772 domini
787 2748 814 2772 C.
896 2747 923 2781 c)
946 2748 1118 2773 laederetur
1140 2748 1166 2774 C.
1188 2749 1341 2778 legeretur
1363 2747 1483 2772 Giesebr.

198 2833 232 2876 1)
259 2834 360 2874 XIII,
390 2836 421 2866 1.
449 2835 526 2867 Oct.
556 2835 625 2866 965
654 2853 695 2858 -
727 2836 759 2867 6.
788 2836 883 2877 Sept.
913 2836 994 2867 972.
