1902 3200
316 192 616 224 LIUDPRANDI
642 191 985 225 ANTAPODOSIS.
1036 194 1127 226 LIB.
1155 196 1182 226 Ι.
1235 197 1291 227 42.
1506 200 1549 230 ’23

72 304 96 343 ό
128 304 288 344 utinam
316 303 485 343 venatio
514 301 617 342 haec
646 302 768 354 feras,
799 315 883 342 non
914 309 1080 357 caperet
1109 312 1251 358 reges!
1283 305 1415 347 Aiunt
1437 321 1546 362 sane,
1563 329 1628 355 893,

71 358 196 410 hunc,
228 358 341 410 dum,
381 357 487 398 sicut
515 357 643 397 moris
683 364 757 409 est,
798 370 923 412 apros
964 356 1121 398 efrenia
1161 365 1389 400 sectaretur
1426 375 1447 401 0
1481 377 1547 415 110,

71 413 272 454 cecidisse
302 411 541 467 collumque
571 411 782 467 fregisse&
830 412 1014 453 Verumb
1045 414 1264 454 assertioni
1294 413 1392 455 huic
1423 417 1449 456 fi
1483 432 1548 458 em

70 467 260 523 prebere,
290 475 373 508 non
404 467 632 508 absurdum
663 482 753 509 esse
782 481 865 508 non
896 467 1004 508 dico.
1063 468 1118 508 Et
1147 469 1258 509 enim
1292 468 1372 509 alia
1403 473 1547 512 mortis

71 524 209 575 huius,
250 536 357 578 quae
387 522 490 563 mihi
519 522 785 563 verisimilior
821 523 999 571 videtur,
1040 529 1166 577 atque
1198 523 1391 565 omnibus
1422 540 1446 566 a
1476 541 1548 580 po-

70 577 181 633 pulis
222 584 427 630 narratur,
468 579 641 619 assertio
653 584 680 619 3.
738 577 1043 632 Magimfredus
1073 578 1397 620 Mediolanensis
1434 581 1548 622 urbis

71 647 223 685 comes,
263 634 382 674 cuius
422 632 546 688 paulo
578 634 770 688 superius
809 635 986 675 fecimus
1025 635 1292 682 mentionem,
1333 634 1433 675 dum
1474 651 1548 690 pro

70 687 226 730 scelere
266 689 310 729 in
348 703 437 729 rem
476 688 691 743 publicam
731 696 855 744 atque
886 690 928 729 in
958 704 1101 743 regem
1141 690 1364 731 commisso
1399 692 1550 746 capitis

70 743 219 785 iuditio
241 744 522 797 damnaretur,
552 745 722 786 unicum
745 745 1025 801 possessionis
1045 760 1145 787 suae
1166 745 1382 798 vicarium,
1404 746 1549 802 Hugo-

68 814 166 841 nem
202 799 335 840 filium
375 799 608 856 dereliquit.
655 800 791 852 Quem
813 800 911 842 dum
932 800 1183 842 Lambertus
1204 815 1280 842 rex
1301 815 1397 841 cum
1417 801 1550 843 forma

68 856 241 911 egregia
275 861 364 896 tum
402 855 623 897 nonnullos
662 870 860 910 superare
899 856 1060 899 videret
1096 856 1277 910 audatia,
1317 857 1446 897 animi
1485 857 1550 898 sui

68 925 154 952 non
184 926 362 967 parvum
393 926 469 966 pro
500 912 630 967 patris
660 917 793 953 morte
820 911 1006 953 dolorem
1028 911 1187 953 collatis
1206 913 1323 953 nisus
1344 919 1406 954 est
1425 912 1549 954 benc-

69 966 175 1007 ficiis
215 967 399 1008 mulcere
440 966 772 1022 quamplurimis.
831 967 955 1008 Unde
995 974 1037 1009 et
1077 983 1173 1009 eum
1211 975 1351 1023 preter
1390 975 1549 1010 ceteros

67 1021 361 1063 familiaritatis
407 1021 627 1076 privilegio
672 1022 856 1063 dederat.
915 1023 1093 1064 Factum
1138 1029 1201 1064 cst
1242 1029 1404 1077 autem,
1449 1024 1550 1064 dum

66 1076 319 1118 Lambertus
349 1091 425 1118 rex
455 1078 670 1118 nominato
698 1077 742 1117 in
772 1076 864 1118 1000
894 1078 1082 1118 Marinco
1103 1083 1393 1131 venaretur03,
1416 1102 1466 1108 —
1489 1085 1551 1120 est

67 1133 179 1173 enim
223 1133 370 1174 eodem
416 1134 545 1174 mirae
590 1132 892 1186 magnitudinis
931 1140 972 1174 et
1013 1134 1249 1188 amenitatis
1287 1132 1407 1174 lucus
1444 1133 1549 1175 adeo

68 1187 364 1229 venationibus
407 1194 530 1243 aptus
564 1215 611 1219 -—
651 1187 734 1228 huo
776 1187 961 1243 illucque
1001 1189 1177 1241 cunctis,
1223 1195 1269 1230 ut
1309 1190 1436 1230 moris
1475 1196 1548 1241 cst,

67 1243 410 1296 discurrentibus,
446 1243 525 1284 1100
555 1258 651 1284 011111
681 1258 765 1284 11110
804 1244 965 1285 scilicet
992 1244 1178 1299 Hugone
1217 1245 1357 1300 ipsum
1396 1243 1550 1286 solum-

66 1299 192 1340 modo
221 1300 265 1340 in
294 1314 464 1340 nemore
494 1299 756 1340 remansisse.
809 1299 1002 1355 Cumque
1031 1315 1107 1341 rex
1136 1314 1286 1356 aprum
1308 1301 1550 1341 intransitu

97 1354 377 1407 restolaretur,
413 1354 569 1410 diuque
599 1354 777 1396 multum
815 1361 1052 1397 remorante
1091 1355 1217 1411 longa
1257 1357 1549 1411 expectatione

65 1370 302 1463 fissaretur,
332 1409 549 1466 paululum
580 1425 670 1451 sese
692 1411 823 1465 quieti
844 1410 970 1460 dedit,
1000 1411 1172 1466 vigiliae
1193 1411 1428 1452 custodiam
1450 1411 1547 1453 huic

65 1465 209 1518 infido,
254 1466 376 1522 quasi
418 1466 521 1518 fido,
569 1467 846 1507 committens.
903 1467 1040 1520 Igitur
1082 1465 1326 1508 absentibus
1372 1467 1547 1519 cunctis,

66 1522 262 1576 Hugonis
307 1537 424 1563 mens
469 1521 667 1574 custodis,
713 1522 841 1562 immo
885 1521 1109 1576 proditoris
1153 1529 1279 1578 atque
1325 1522 1546 1575 carnificis,

67 1576 313 1619 collatorum
352 1576 653 1618 beneficiorum
693 1578 914 1618 immemor
952 1577 1158 1632 plurium,
1199 1579 1328 1632 patris
1368 1584 1547 1619 mortem

64 1634 204 1674 animo
245 1633 357 1689 cepit
394 1632 624 1674 revolvere.
693 1633 788 1673 Non
828 1633 1110 1674 consideravit
1147 1634 1380 1687 genitorem
1426 1647 1547 1674 suum

63 1690 217 1731 iustam
262 1689 488 1729 incurrisse
527 1702 695 1740 necem,
739 1688 1044 1741 iusiurandum,
1084 1690 1173 1742 regi
1219 1689 1332 1743 quod
1375 1688 1545 1740 fecerat,

63 1743 220 1786 violare
249 1758 334 1785 non
363 1744 532 1795 1netuit3
574 1744 778 1784 vicarium
817 1759 860 1784 se
898 1744 1041 1797 Iudae,
1083 1743 1242 1784 domini
1281 1745 1412 1786 nostri
1449 1745 1547 1785 Iesu

65 1884 94 1917 a)
118 1884 136 1910 i.
158 1890 179 1909 e.
202 1883 318 1908 effreni.
399 1881 429 1913 b)
454 1882 479 1906 3.
504 1882 556 1906 3a.
580 1881 632 1906 31).
656 1884 703 1906 etc.
725 1882 869 1912 sequentia
892 1889 981 1913 usque
1004 1882 1116 1906 collum
1139 1882 1239 1913 fregit,
1261 1882 1303 1906 ita
1324 1881 1459 1912 efferunt:

65 1938 99 1943 -—
122 1923 235 1949 Verum
257 1922 329 1952 quia
351 1921 516 1946 secundum
538 1921 619 1945 beati
642 1920 695 1945 10b
718 1921 901 1945 sententiam
924 1921 1070 1946 terminus
1100 1921 1164 1946 eius
1193 1921 1334 1951 preteriri
1358 1928 1417 1945 11011
1440 1921 1624 1951 potuit,10b,
1647 1926 1692 1956 14¹
1713 1925 1757 1951 15,

64 1963 152 1989 illum
174 1961 360 1986 dominicum
381 1967 551 1985 sermonem
575 1966 633 1990 quo
656 1959 765 1984 dicitur
787 1961 823 1984 ‘et
846 1960 963 1984 inimici
985 1960 1116 1984 hominis
1138 1960 1294 1984 domestici
1316 1958 1389 1984 eius’
1406 1959 1548 1991 adimple·
1562 1963 1650 1989 Mieh.
1675 1964 1705 1996 7,
1729 1964 1757 1989 6.

63 2003 115 2027 vit.
159 2001 236 2026 Nam
267 2000 337 2025 dum
368 1999 519 2030 quendam
548 1998 789 2030 Magimfridum,
818 1999 900 2023 illius
929 1999 1115 2029 Magimfridi
1143 1999 1330 2030 prepotentis
1358 2002 1389 2023 ut
1417 1998 1547 2023 diximus

64 2039 304 2067 Mediolanensis
334 2039 416 2063 urbis
448 2038 577 2069 comitis,
609 2044 697 2068 quem
726 2037 818 2069 paulo
847 2038 984 2069 superius
1016 2038 1101 2068 regia
1131 2038 1267 2062 iussione
1295 2044 1349 2069 pro
1379 2037 1546 2062 rebellione

63 2080 218 2106 hominem
251 2079 371 2103 exuisse
402 2078 601 2107 asseruimus,
630 2076 738 2107 filium,
769 2077 904 2108 paternis
932 2076 1093 2101 beneficiis
1123 2077 1283 2108 donatum,
1313 2077 1407 2100 nimia
1435 2077 1547 2101 famili-

64 2120 183 2150 aritate,
207 2124 274 2142 cum
295 2124 350 2148 pro
372 2116 529 2141 fidelitatis
551 2116 695 2140 firmitate
725 2118 788 2140 tuin
818 2118 963 2147 paternae
994 2116 1076 2140 necis
1105 2115 1269 2147 oblivione,
1299 2122 1352 2140 rex
1383 2115 1441 2140 sibi
1464 2122 1480 2140 a
1502 2122 1547 2140 se-

65 2155 168 2184 cretis⁸
190 2156 322 2187 fecisset,
346 2162 475 2186 eumque
497 2155 668 2179 venationis
692 2161 793 2185 causa,
821 2155 846 2179 si
869 2155 991 2179 venatio
1014 2155 1073 2179 dici
1095 2157 1205 2186 potest,
1235 2161 1294 2185 qua
1316 2161 1368 2179 rex
1391 2161 1452 2179 non
1475 2161 1547 2185 aper

64 2198 192 2229 capitur,
214 2202 316 2221 secum
338 2195 376 2219 ad
399 2194 548 2225 prefatum
570 2194 670 2218 locum
687 2194 730 2218 ire
747 2194 892 2225 iussisset,
916 2194 1037 2225 accidit,
1058 2196 1091 2218 ut
1105 2194 1213 2219 ceteris
1231 2193 1424 2218 venatoribus
1440 2200 1545 2224 aprum

64 2238 97 2262 in
125 2235 225 2260 medio
257 2241 380 2259 nemore
409 2233 673 2265 persequentibus,
705 2231 835 2263 indag0⁸·
859 2233 948 2258 ferini
970 2233 1133 2264 anfractus,
1163 2232 1243 2262 regis
1267 2232 1462 2263 eiusdemque
1486 2232 1546 2256 Ma-

65 2274 199 2308 gimfridi
221 2273 358 2298 custodia
379 2279 434 2304 per
456 2272 586 2296 divortia
609 2271 701 2296 tutari
723 2271 884 2298 debuisset.
925 2271 992 2301 Qua
1022 2278 1095 2296 vero
1125 2271 1263 2296 custodia
1285 2271 1354 2295 dum
1377 2271 1471 2295 nimia
1494 2277 1546 2295 rex

65 2313 279 2347 expectatione
301 2312 453 2343 fatigatus,
477 2311 637 2335 commissa
658 2310 844 2341 Magimfridi
866 2310 1019 2335 obtutibus
1041 2311 1159 2342 vigilia,
1187 2316 1253 2335 sese
1285 2310 1380 2341 quieti
1402 2309 1546 2341 dedisset,

65 2352 274 2384 Magimfridus
296 2358 357 2376 non
379 2352 525 2381 paternae
547 2350 631 2374 necis
661 2350 713 2374 sed
748 2352 936 2374 caeterarum
965 2356 1043 2380 quae
1072 2356 1125 2374 rex
1154 2349 1182 2373 ei
1209 2349 1354 2374 intulerat
1389 2349 1546 2372 immemor

62 2393 243 2423 bonitatum,
264 2398 303 2416 ne
336 2389 486 2414 effusione
508 2389 666 2419 sanguinis
687 2390 904 2419 agnosceretur
925 2389 1035 2413 occisio
1057 2389 1147 2420 regis,
1175 2388 1260 2418 ligno
1282 2394 1372 2419 quam
1394 2394 1463 2411 mox
1485 2394 1544 2411 non

62 2431 183 2457 modico
213 2431 347 2461 accepto,
377 2428 553 2453 dormientis
576 2427 661 2452 heroi
692 2428 842 2453 cervicem
865 2428 983 2452 nefario
1013 2428 1074 2452 ictu
1097 2426 1257 2457 confregit.
1347 2425 1368 2455 ’)
1393 2426 1429 2450 ad
1453 2432 1545 2450 secre-

63 2474 124 2497 tem
148 2470 175 2496 3.
254 2466 278 2501 ⁸)
299 2468 420 2499 undago
443 2467 469 2492 3.
552 2466 577 2498 (·)
602 2469 800 2492 uenerat-etur
821 2468 846 2492 1.

67 2587 104 2631 1)
129 2587 185 2620 Cf.
215 2587 323 2619 Gesta
352 2585 559 2626 Berengarii
586 2585 710 2626 imper.
738 2584 759 2615 l.
789 2585 855 2624 III,
892 2584 1094 2616 249-279.
1195 2581 1233 2625 2)
1260 2581 1419 2614 Eandem
1446 2581 1544 2613 fabu-

63 2637 135 2670 lam
164 2635 207 2667 de
234 2638 344 2667 morte
370 2633 551 2665 Lamberti
576 2632 731 2664 violenta
758 2637 901 2665 narrant
921 2633 1120 2665 Chronicon
1146 2630 1306 2663 Novalic.
1333 2640 1412 2672 app.
1442 2640 1469 2662 c.
1494 2630 1545 2669 13,

65 2683 231 2718 Landulfi
257 2684 348 2715 Hist.
375 2682 575 2714 Mediolan.'
593 2681 617 2713 l.
644 2681 691 2721 11,
721 2692 751 2714 0.
780 2682 810 2712 2.
960 2680 997 2722 3)
1024 2678 1203 2712 ‘Marinco'
1230 2679 1287 2711 vel
1315 2679 1485 2710 ‘Mai-inco
1511 2679 1546 2709 in

65 2733 220 2766 nemore'
254 2732 359 2764 datae
387 2734 465 2763 sunt
499 2729 643 2762 ultimae
671 2730 851 2762 Lamberti
881 2729 1023 2762 chartae
1061 2728 1183 2760 diebus
1219 2727 1251 2759 3.
1288 2730 1322 2759 et
1358 2727 1414 2758 30.
1449 2726 1544 2769 Sept.

63 2782 194 2815 mensis
221 2780 303 2813 898.
