1812 3176
488 232 757 263 PRAEFATIO
784 232 1024 264 EDITORIS.
1428 236 1492 267 XV

17 345 156 398 capite
182 343 265 394 III,
298 342 362 383 37.
395 357 485 382 una
516 341 631 382 linea
665 343 859 382 anterius
892 342 1062 381 desinit·
1082 342 1127 382 in
1162 341 1339 396 syllabis
1370 357 1491 384 voca-

17 398 114 439 bulo
146 397 249 439 Con.

127 453 199 506 3⁶)
226 452 268 494 C.
297 451 392 498 bibl.
421 451 679 492 chettlensis
700 452 781 492 299
811 451 978 491 membr.
1010 466 1116 491 saec.
1148 451 1247 490 XII.
1280 467 1410 505 aeque
1442 467 1491 493 ac

127 507 153 547 3
166 508 220 563 c*)
241 507 282 549 ζ’.
302 506 399 548 bibl.
417 506 557 547 Palat.
583 506 923 547 Vindobonensis
939 506 1022 545 4οΟ
1038 506 1079 562 (lz
1090 507 1153 545 ist.
1167 506 1286 559 prof.
1305 507 1360 545 N.
1381 506 1491 561 178.)

16 563 182 604 membr.
214 577 322 603 saec.
354 562 476 601 XIII.
508 563 632 602 cuius
658 576 832 616 paucas
868 561 1063 601 lectiones
1094 561 1370 601 Ilffuratorius
1400 561 1425 600 l.
1458 578 1491 602 c.

21 617 122 658 1081
157 617 293 672 affert,
324 617 481 657 desinit
512 632 606 670 cap.
638 617 720 668 III,
753 616 806 657 32
835 617 883 656 in
914 631 1011 656 voce
1041 615 1258 669 suscipito.

127 673 198 723 3⁶)
240 673 448 712 Eiusdem
488 671 640 712 classis
667 671 813 725 fuisse
851 672 1022 712 videtur
1061 671 1214 722 codem,
1262 672 1386 710 cuius
1425 685 1493 710 eoe-

16 734 161 782 cerpta
183 728 362 781 legimus
383 729 427 768 in
448 728 645 768 chronico
663 726 870 780 Faifensi
887 726 1010 781 apud
1028 726 1317 766 Illuratorium
1336 725 1416 766 SS.
1436 725 1494 765 II.

17 783 135 838 Rp.
156 782 377 824 415—-417
410 789 446 823 et
472 799 516 837 7).
538 783 632 823 455.
686 782 787 824 Cum
819 783 931 822 enim
963 786 1112 821 auctor
1140 782 1229 831 iste,
1263 782 1338 834 qui
1361 781 1494 820 annis

7 840 171 893 primis
191 838 354 878 saeculi
374 835 681 892 Xlljscripsit,
711 838 891 878 nonnisi
910 841 1111 890 excerpta
1131 837 1324 889 capitum
1345 835 1436 876 Lib.
1460 836 1493 887 I,

19 893 54 945 1,
86 893 124 945 3,
156 894 195 945 5,
226 893 292 944 27,
323 893 388 943 30,
420 894 487 943 31,
518 893 583 932 37.
631 893 689 944 ΙΙ,
724 894 758 944 1,
789 894 827 943 9,
861 892 924 943 15,
960 892 1022 943 17,
1054 891 1120 942 20,
1153 891 1217 942 32,
1251 891 1317 942 37,
1338 890 1404 942 41,
1427 890 1494 943 42,

15 948 82 999 44,
123 949 190 1000 47,
228 948 295 999 48,
336 948 401 988 60.
460 948 542 999 ΙΙΙ,
587 947 746 987 13-17
774 953 1018 1001 proponat,
1062 953 1187 1000 atque
1226 960 1277 985 eoe
1313 945 1494 987 consilio

16 1004 159 1057 operis
189 1003 358 1056 reliqua
394 1004 519 1042 etiam
552 1002 611 1042 ad
639 1002 818 1043 Italiam>
834 1003 1071 1055 facientia,
1112 1003 1151 1041 si
1181 1003 1220 1041 ei
1250 1001 1309 1041 ad
1338 1016 1494 1041 manus

3 1058 212 1112 ficissent,
235 1059 479 1112 praecipue
500 1073 610 1112 pay.
641 1057 736 1108 475,
766 1057 861 1108 476,
893 1057 966 1096 ubi
995 1057 1085 1096 iam
1107 1056 1333 1109 Hu907iem
1366 1056 1493 1096 abba-

16 1119 95 1153 tem
135 1114 344 1168 sequitur,
383 1119 664 1166 eoecerpturus
692 1112 881 1166 fuisset,
920 1111 1103 1152 codicem
1141 1112 1231 1151 eius
1271 1126 1400 1166 aeque
1446 1127 1495 1152 ac

16 1169 274 1209 Austriacos
304 1182 445 1208 omnes
474 1169 522 1208 ‘in
548 1169 698 1221 prima
728 1166 829 1207 libri
851 1167 935 1207 III.
962 1173 1090 1220 parte
1120 1166 1369 1217 substitisse,
1402 1168 1494 1220 opi-

17 1224 121 1264 nari
150 1222 256 1264 licet.
320 1222 444 1270 Quod
474 1224 514 1263 si
544 1224 606 1262 ita
629 1222 741 1276 fuit,
771 1222 1075 1277 superstitibus
1107 1222 1249 1262 adbuc
1280 1222 1495 1276 capitibus

15 1278 75 1330 H,
106 1278 271 1320 26-40
301 1284 338 1319 et
365 1279 543 1318 45—66.
576 1279 708 1318 codem
749 1278 992 1332 descriptus
1024 1283 1095 1318 est.
1139 1277 1269 1318 Libro
1301 1277 1335 1327 I,
1377 1293 1410 1317 c.
1441 1276 1493 1317 37

15 1334 286 1375 Lambertum
325 1349 419 1374 cum
458 1333 675 1375 codicibus
707 1333 742 1385 1,
783 1333 822 1385 2,
863 1333 900 1373 3.
941 1338 1049 1373 recte
1088 1332 1211 1372 nimis
1246 1330 1494 1373 bellicosum

14 1403 159 1444 regem
192 1395 326 1430 vocat.

126 1444 249 1484 Patet
286 1445 447 1499 iyitur,
487 1444 672 1485 codicem
711 1445 801 1484 iam
842 1444 1132 1497 deperditum,
1180 1442 1293 1482 unde
1330 1443 1496 1483 codices

17 1499 245 1540 Austriaci
288 1505 324 1540 et
369 1499 472 1540 Itali
502 1500 547 1554 3)
587 1499 661 1553 3³)
701 1499 772 1554 3⁰)
805 1498 872 1554 3⁶)
905 1498 998 1554 32³¹)
1030 1498 1105 1551 3⁰¹)
1152 1498 1337 1539 derivati
1380 1503 1495 1549 sunt,

16 1555 185 1596 saeculo
207 1555 257 1594 X.
280 1560 355 1595 aut
375 1554 449 1593 XI.
481 1555 689 1608 scriptum
706 1554 852 1608 fuisse
864 1569 878 1605 ,·
911 1569 1004 1594 eum
1022 1552 1219 1607 fortasse
1250 1552 1417 1594 saeculo
1445 1553 1494 1593 X.

15 1611 153 1651 medio
186 1610 527 1664 adsigynandum,
559 1609 683 1664 infra
707 1625 818 1664 pay.
850 1610 876 1650 3
906 1625 948 1650 n.
966 1609 1010 1660 f
1041 1608 1293 1649 monebitur.

128 1665 172 1720 4)
199 1665 241 1707 C'.
264 1665 406 1705 Illusei
435 1665 694 1705 Britannici
721 1667 834 1706 ‘inter
855 1663 1120 1705 Harleianos
1140 1664 1198 1703 N.
1220 1663 1330 1704 3685
1361 1663 1496 1703 chart.

15 1721 63 1761 in
81 1719 168 1773 fol.
208 1734 317 1760 saec.
348 1720 464 1759 XVI.
506 1720 601 1760 olim
635 1720 1030 1775 Peutinyerianus5
1071 1734 1202 1773 aeque
1246 1734 1296 1758 ac
1333 1718 1496 1759 codices

19 1777 55 1815 1.
86 1781 123 1815 et
153 1775 190 1815 2.
223 1775 467 1816 Historiam
509 1774 676 1816 Ottonis
716 1775 840 1815 libris
878 1774 1208 1815 Antamdoseos
1241 1774 1497 1828 praemittit,

14 1829 94 1872 ‘illa
123 1831 309 1885 inteyra,
341 1830 456 1882 baec,
487 1831 614 1870 cuius
633 1830 744 1883 finis
766 1829 871 1871 lectu
899 1830 945 1870 di
1001 1829 1138 1881 cilior,
1168 1830 1257 1869 iam
1278 1830 1404 1870 initio
1426 1843 1496 1870 ca-

9 1886 124 1940 pitis
164 1885 232 1937 VI,
266 1886 316 1926 10
347 1885 517 1926 desinit.

128 1940 172 1996 ὃ)
208 1941 250 1982 C.
283 1941 554 1981 Harleianus
591 1940 648 1981 N.
680 1941 790 1981 3713
825 1940 968 1981 memb.
1006 1954 1115 1980 saec.
1153 1939 1228 1978 XI.
1264 1940 1311 1979 in
1340 1939 1405 1979 40.
1447 1953 1498 1979 ea:

19 1994 259 2037 Germania
297 1997 530 2048 oriundus,
576 2002 623 2037 ut
662 2002 764 2037 nota
803 1995 964 2036 saeculi
1003 1995 1127 2035 XIII.
1162 1994 1409 2035 Everwieus
1447 1993 1498 2034 de

17 2057 243 2106 stegrauen
277 2058 315 2093 et
351 2052 445 2092 alia
480 2052 644 2093 saeculi
673 2052 789 2093 XVI.
818 2051 952 2092 Mal-ie
982 2049 1168 2091 &Volters
1205 2056 1242 2090 et
1271 2047 1498 2091 Wicbolde

19 2107 273 2159 ostendunt;
310 2113 347 2148 et
385 2109 478 2162 ipse
515 2122 567 2148 εκ
594 2108 870 2162 Frisinyensi
908 2105 1019 2147 male
1050 2105 1255 2147 intellecto
1273 2105 1425 2160 fluoeit,
1457 2111 1499 2145 ut

17 2164 67 2204 in
110 2161 360 2203 Annalibus
403 2164 563 2204 nostris
598 2163 802 2218 probavi.
879 2162 1118 2210 Quaternio
1164 2176 1260 2202 cum
1304 2160 1375 2201 lib.
1415 2160 1497 2209 III,

18 2217 210 2258 25-44.
254 2218 441 2269 eaecidit;
486 2217 556 2259 lib.
606 2219 671 2259 VJ.
711 2219 869 2259 desinit
911 2219 959 2259 in
1004 2217 1178 2258 vocibus
1218 2217 1498 2271 spatariorum

18 2271 353 2314 candidatorum.
406 2273 488 2315 Cui
518 2274 719 2314 Historia
757 2274 922 2315 Ottonis
945 2288 1032 2328 pro
1063 2273 1172 2314 libro
1203 2287 1245 2313 se
1259 2273 1380 2313 Jtimo
1403 2272 1496 2312 sub·

17 2329 141 2379 iecta,
172 2329 235 2368 ita
252 2328 382 2381 finit:
421 2342 507 2369 non
534 2329 619 2369 iam
658 2343 788 2383 rome.
828 2335 892 2370 set
930 2328 975 2368 in
1013 2326 1186 2369 exilium
1253 2328 1495 2368 estinamus.

18 2383 236 2425 Lectiones
280 2384 411 2426 liuius
451 2384 610 2425 codicis
646 2385 864 2426 *enotavit
905 2384 1125 2439 quondam
1154 2383 1201 2424 P.
1233 2383 1648 2434 Scriverius,‘p.272.

17 2440 144 2481 cuius
173 2445 298 2480 ‘notae
327 2441 373 2480 in
397 2439 646 2481 bibliotheca
670 2439 1020 2496 Heidelberyensi
1040 2439 1351 2491 adservantur,
1383 2439 1498 2492 equi-

20 2495 113 2536 dem
142 2510 236 2536 eum
257 2509 297 2536 a.
316 2495 422 2536 1827
453 2495 598 2537 evolvi.
652 2494 843 2543 Quocum
865 2495 1109 2550 plurimum
1130 2495 1346 2547 consentit,
1377 2494 1498 2534 vitiis

19 2556 159 2591 tamen
190 2551 404 2602 adauctis,

131 2606 203 2660 5²)
238 2606 280 2647 C.
313 2606 411 2647 olim
444 2604 773 2659 Gemblacensis,
813 2607 903 2647 iam
939 2607 986 2646 in
1023 2606 1117 2647 bibl.
1156 2606 1279 2660 reyia
1309 2603 1495 2645 Bruoeel-

18 2660 129 2701 lensi
154 2661 287 2701 14923
317 2662 587 2714 adservatuS,
618 2663 786 2703 membr.
808 2677 917 2703 saec.
938 2661 1013 2701 XL
1043 2676 1163 2716 quem
1186 2661 1357 2701 auctori
1385 2660 1499 2700 vitae

20 2717 160 2757 sancti
191 2715 382 2758 Gerardi
411 2717 578 2758 abbatis
598 2718 859 2760 Broniensis
871 2725 899 2769 ¹,
929 2717 1190 2757 Ekkeliardo
1222 2715 1498 2771 Urauyiensi,

24 2807 61 2852 1)
86 2810 270 2852 Mabillon,
296 2812 388 2845 Acta
415 2813 481 2846 SS.
507 2814 550 2846 Ο.
578 2813 615 2845 S.
642 2814 683 2845 B.
712 2813 815 2846 Saec.
843 2813 886 2844 V.
913 2823 948 2854 p.
976 2812 1058 2845 264.
1087 2812 1169 2845 265.
1194 2811 1390 2844 sententiae
1413 2821 1499 2843 non-

19 2857 138 2891 nullae
166 2861 320 2904 capitum
346 2861 426 2893 libri
451 2862 514 2902 IV,
543 2861 600 2894 24.
630 2862 686 2893 14.
716 2865 750 2894 et
777 2861 834 2892 29.
862 2860 1062 2892 afferuntur.
