1902 3200
248 183 549 217 LIUDPRANDI
576 182 922 216 ANTAPODOSIS.
975 185 1068 216 LIB.
1096 186 1144 217 11.
1199 188 1353 219 61—64.
1503 190 1546 221 49

68 296 226 338 nuntiis
265 294 455 346 directis,
501 293 611 333 hunc
649 293 812 346 venire,
854 293 1159 348 Berengarium
1197 311 1296 336 vcro
1341 298 1549 353 expellere

68 357 228 408 petunt.

179 407 244 447 61.
288 404 404 445 Inter
433 403 646 458 agendum
676 410 816 445 autem
847 404 1032 458 contigit,
1066 404 1310 458 Hungarios
1336 406 1548 448 Veronam
1564 418 1631 442 921-

67 460 131 502 his
161 459 453 515 ignorantibus
490 458 764 511 advenissc¹;
796 474 979 514 quorum
1019 458 1102 499 duo
1142 474 1261 513 reges
1298 460 1468 501 Dursac
1510 471 1549 504 ct

68 517 209 570 Bugat
255 515 498 555 amicissimi
539 515 794 569 Berengario
838 514 1015 556 fuerant.
1073 513 1327 556 Adelbertus
1371 516 1551 572 denique

70 570 255 611 marchio
299 577 426 625 atque
465 569 689 611 Odelricus
734 584 874 610 comes
912 569 1073 624 palatii,
1121 569 1382 611 Gislebertus
1427 573 1551 612 ctiam

69 640 223 677 comes,
253 625 481 688 pluresque
512 624 602 678 alii,
645 625 745 666 dum
786 626 828 665 in
858 625 1067 666 montanis
1098 625 1326 666 Brixianac
1358 627 1552 676 civitatis,

71 696 179 736 quae
210 681 245 721 L
276 680 464 721 miliariis
499 681 664 722 Verona
694 680 861 731 distata,
892 679 1185 722 conventicula.
1223 681 1275 722 ob
1306 680 1554 736 Bercngarii

69 737 348 778 deiectionem
379 736 591 786 haberent,
631 737 797 791 rogavit
825 736 1104 791 Berengarius
1142 736 1406 790 Hungarios,
1445 744 1490 777 ut
1522 738 1553 777 si

70 807 115 834 se
135 798 336 844 amarent,
370 807 496 846 super
525 792 718 832 inimicos
740 806 837 832 suos
867 792 1086 833 irruerent.
1145 791 1202 832 Hi
1223 807 1338 844 vero,
1370 799 1417 833 ut
1437 799 1555 833 erant

71 848 187 889 110015
217 847 343 900 avidi,
376 846 558 888 bellandi
591 847 734 902 cupidi
749 855 776 899 ²,
808 861 832 887 a
854 848 1110 901 Berengario
1142 862 1243 888 mox
1273 847 1458 903 preduce
1489 862 1555 888 ac-

70 910 206 958 cepto,
246 918 320 958 per
350 904 513 955 ignotas
543 903 632 943 vias
662 917 686 942 a
724 910 841 957 tergo
873 901 947 943 hos
978 917 1113 958 usque
1143 903 1392 956 adveniunt,
1423 910 1557 944 tanta-

72 974 153 1015 que
184 958 274 999 illos
304 965 405 998 tunc
435 958 645 998 celeritate
675 958 933 1009 confodiunt,
965 965 1011 998 ut
1040 973 1117 999 nec
1149 958 1350 1000 induendi
1385 958 1556 1014 quidem

71 1013 318 1055 sumendive
340 1027 457 1053 arma
478 1014 661 1067 spatium
691 1013 845 1054 habere
867 1014 1046 1068 quirent.
1107 1013 1252 1068 Captis
1285 1015 1412 1068 igitur
1433 1015 1556 1055 cesis-

103 1084 155 1110 ue
186 1068 349 1121 multis,
391 1067 612 1109 Odelricus
643 1068 788 1123 palatii
828 1083 987 1120 comes,
1029 1069 1102 1124 qui
1141 1084 1183 1109 50
1214 1071 1327 1109 110111)
1360 1068 1556 1110 viriliterc

71 1084 605 1176 defenderat,ccciditur,
646 1123 900 1164 Adelbertus
941 1130 1082 1165 autem
1123 1124 1311 1165 marchio
1351 1132 1391 1166 et
1424 1124 1557 1165 Gisle-

72 1179 215 1222 bertus
246 1180 332 1220 vivi
362 1179 598 1234 capiuntur.

184 1236 248 1276 (32.
293 1235 452 1276 Verum
482 1233 759 1286 Adelbertus,
800 1241 846 1276 111
884 1241 973 1276 erat
1012 1236 1077 1275 vir
1112 1250 1195 1275 non
1226 1233 1450 1276 bellicosus
1483 1235 1557 1276 sed

74 1291 344 1346 sagacitatisd
384 1291 596 1345 nimieque
646 1289 910 1341 calliditatis,
959 1291 1059 1331 dum
1106 1291 1272 1331 inruere
1314 1290 1556 1345 Hungarios

73 1347 261 1402 undique
294 1352 499 1397 cerneret,
543 1353 737 1401 essetque
776 1345 835 1386 illi
871 1346 1061 1401 fugiendi
1100 1361 1197 1402 spes
1236 1347 1370 1387 01111115
1403 1345 1555 1399 ablata,

71 1401 259 1444 balteum
289 1401 556 1457 armillasque
584 1416 733 1442 aureas
755 1416 1007 1457 omnemque
1036 1403 1275 1457 preciosum
1306 1402 1557 1456 abparatum

73 1459 270 1513 proiecit,
308 1457 548 1513 vilibusque
579 1472 622 1497 se
653 1456 795 1498 militis
827 1458 892 1497 sui
923 1458 1060 1499 induit
1090 1458 1373 1506 vestimentis,
1413 1471 1464 1497 nc
1503 1457 1556 1498 ab

75 1513 307 1568 Hungariis
338 1513 410 1568 qui
440 1521 550 1554 esset
579 1512 878 1554 dinosceretur.
939 1513 1100 1568 Captus
1131 1514 1272 1568 itaque
1304 1513 1557 1554 sciscitatus-

75 1584 170 1625 que,
202 1570 297 1625 quis
328 1574 456 1621 05501,
496 1567 638 1609 111111115
670 1569 886 1609 cuiusdam
929 1568 1102 1610 militem
1134 1584 1177 1609 50
1208 1584 1298 1610 0550
1328 1567 1557 1623 respondit.

74 1626 339 1680 Rogavitquc
380 1638 423 1664 se
463 1624 517 1665 ad
553 1625 738 1664 vicinum
779 1623 1016 1678 castellum,
1057 1623 1264 1665 vocabulo
1307 1622 1558 1675 Calcinaria,

75 1681 186 1733 duci,
217 1682 261 1721 in
291 1694 374 1735 quo
405 1686 612 1734 parentes,
645 1681 716 1735 qui
747 1694 843 1720 eum
883 1679 1150 1727 redimerent,
1189 1695 1232 1720 50
1265 1678 1418 1720 habere
1449 1693 1559 1720 asse-

74 1735 206 1777 rebat.
265 1735 431 1776 Ductus
452 1735 592 1790 igitur,
625 1736 724 1775 (uia
745 1750 827 1774 11011
848 1736 1029 1790 agnitus,
1059 1735 1261 1776 vilissimo
1292 1735 1426 1789 pretio
1448 1748 1559 1775 com-

73 1798 258 1846 paratur.
317 1791 434 1831 Emit
463 1797 602 1831 autem
632 1789 748 1830 ilum
779 1805 879 1831 suus
918 1791 1052 1845 ipsius
1084 1790 1220 1843 miles,
1257 1791 1426 1830 nomine
1458 1789 1558 1830 Leo.

187 1847 253 1887 63.
286 1844 549 1887 Gislebertus
570 1845 764 1901 denique,
787 1847 887 1901 quia
907 1847 1086 1901 agnitus,
1109 1845 1357 1900 flagellatus,
1377 1845 1558 1898 vinctus,
1574 1862 1646 1893 (17.)

75 1902 333 1954 seminudus,
363 1908 460 1942 ante
490 1902 600 1957 regis
633 1902 879 1957 Berengarii
909 1902 1164 1956 presentiam
1194 1901 1375 1942 ducitur.
1416 1900 1560 1941 Enim-

74 1972 174 1999 vero
213 1957 314 1998 dum
353 1964 449 1998 ante
493 1972 590 1999 eum
621 1958 709 1998 sine
739 1957 1021 2010 femoralibus,
1061 1964 1179 1998 curta
1208 1956 1381 1997 indutus
1412 1956 1560 1997 endro-

75 2014 211 2066 made,
234 2013 399 2065 (11101115,
421 2015 535 2068 regis
556 2013 610 2054 ad
630 2013 759 2068 pedes
781 2028 937 2068 pronus
956 2014 1119 2054 concite
1141 2012 1321 2063 caderet,
1343 2013 1385 2052 in
1401 2013 1560 2067 genita-

73 2069 178 2110 lium
200 2069 742 2110 ostensionemembrorum
763 2070 851 2109 risu
868 2084 1011 2110 omnes
1030 2069 1257 2110 emoririer.
1297 2069 1389 2109 Rex
1405 2074 1559 2119 autem,

77 2126 244 2180 pietatis
275 2132 320 2165 111
350 2131 438 2165 crat
467 2132 640 2176 amator,
672 2125 960 2166 misericordia
982 2139 1089 2180 qua-e
1110 2124 1170 2165 illi
1191 2123 1307 2164 nulla
1326 2122 1560 2165 debebatur

78 2180 316 2232 inclinatus,
347 2181 385 2221 01
415 2195 512 2231 11011,
543 2186 589 2220 111
618 2179 801 2236 populus
833 2181 1005 2235 optavit,
1036 2180 1194 2221 malum
1224 2195 1300 2234 pro
1330 2178 1439 2219 malo
1470 2178 1561 2219 red·
1576 2192 1773 2225 R01u.i2,17.

78 2236 204 2287 didit3
236 2250 383 2277 verum
415 2236 633 2277 confestim
674 2236 804 2277 lotum
843 2236 1096 2292 obtimisque
1134 2236 1322 2277 vestibus
1353 2234 1559 2285 indutum,

77 2307 175 2334 eum
209 2291 327 2333 abire
357 2292 587 2347 permisite.
648 2291 729 2333 Cui
759 2297 798 2332 et
828 2292 903 2333 ait:
944 2291 1255 2333 ‘Iusiurandum
1287 2306 1310 2331 a
1340 2298 1379 2331 te
1400 2289 1560 2330 nullum

77 2348 226 2402 exigo,
272 2347 368 2388 fidei
409 2354 505 2389 tuae
545 2354 585 2388 10
624 2348 766 2402 ipsum
804 2348 1042 2401 committo,
1088 2348 1121 2388 si
1160 2346 1267 2387 male
1305 2353 1450 2387 contra
1495 2359 1561 2385 me

78 2403 228 2458 egeris,
259 2403 463 2444 rationem
494 2403 758 2444 redditurum
789 2403 892 2444 deo'.

192 2459 258 2500 64.
301 2459 428 2500 Hunc
468 2459 649 2514 denique
688 2459 742 2499 ad
772 2459 943 2514 propria
978 2458 1243 2507 redeuntem,
1284 2457 1393 2511 regis
1433 2469 1563 2510 gener

79 2513 333 2556 Adelbertus
371 2516 582 2570 ceterique
623 2515 694 2570 qui
732 2529 827 2555 cum
869 2529 917 2556 eo
958 2513 1081 2555 simul
1118 2513 1293 2555 rebelles
1325 2513 1562 2563 extiterant,

78 2570 243 2624 accepti
272 2571 545 2612 inmemorem
566 2570 765 2622 benefitii,
798 2570 850 2611 ob
882 2569 1123 2622 Rodulfum,
1155 2575 1201 2609 ut
1227 2568 1435 2619 adveniat,
1467 2565 1562 2607 diri-

82 2677 113 2711 a)
137 2679 229 2703 dictat
254 2680 279 2704 l.
352 2677 381 2709 b)
406 2686 431 2704 v.
455 2686 483 2703 n.
507 2678 532 2703 5,
557 2678 611 2703 5a.
683 2680 709 2711 0)
734 2679 917 2703 inviriliter?
987 2677 1016 2709 (ἰ)
1040 2677 1208 2708 sagatitatis
1234 2679 1258 2701 1.
1321 2675 1349 2707 (³)
1373 2675 1513 2707 promisit
1537 2675 1561 2699 l.

86 2767 120 2799 1)
150 2765 203 2799 Cf.
230 2766 319 2798 Ann.
345 2768 538 2798 Benevent.
567 2766 656 2797 922:
692 2767 839 2807 Ungarii
868 2765 1007 2798 Italiam
1035 2767 1253 2796 intraverunt
1291 2764 1360 2795 iam
1394 2761 1564 2795 secundo.

82 2815 118 2853 2)
147 2814 198 2849 Cf.
227 2826 331 2858 supra
360 2826 389 2847 0.
417 2817 450 2846 4.

1211 2880 1230 2908 -1-
