1780 3209
136 312 198 338 932.

216 193 258 223 74
436 193 735 225 LIUDPRANDl
764 194 1108 228 ANTAPODOSIS.
1159 196 1253 229 LIB.
1279 196 1349 228 ΙΙΙ.
1401 196 1457 227 45,

324 303 391 345 45.
450 303 500 344 In
520 304 712 358 ingressu
733 304 947 346 Romanae
970 304 1085 346 urbis
1108 305 1316 360 quaedam
1344 312 1405 347 est
1435 306 1528 346 miri
1556 307 1692 361 operis

214 360 404 416 mireque
440 359 696 400 fortitudinis
728 360 953 400 constituta
992 361 1186 412 munitio,
1231 369 1326 402 ante
1367 361 1485 401 cuius
1525 361 1694 402 ianuam

214 430 320 471 pons
352 421 414 455 est
443 415 779 469 preciosissimus
820 428 946 468 super
984 415 1172 456 Tiberim
1208 415 1447 468 fabricatus,
1490 417 1562 472 qui
1602 432 1693 472 per-

212 472 304 512 vius
334 470 666 525 ingredientibus
695 469 871 509 Romam
902 475 1027 524 atque
1057 470 1368 523 egredientibus
1401 478 1483 523 est,
1523 486 1601 513 nec
1632 479 1695 513 est

213 526 306 579 alia,
335 526 416 566 nisi
446 539 521 580 per
551 539 658 576 eum,
689 525 931 565 transeundi
957 525 1038 565 via.
1083 526 1179 566 Hoc
1198 532 1353 579 tamen,
1382 528 1462 567 nisi
1484 541 1693 568 consensu

213 582 486 623 munitionem
531 579 869 632 custodientium,
913 580 1004 620 fieri
1047 595 1131 621 non
1170 589 1320 635 potest.
1378 582 1557 623 Munitio
1593 597 1693 624 vero

212 638 317 693 ipsa,
358 643 404 677 ut
443 642 605 677 caetera
643 635 844 687 desinam,
890 642 1030 676 tantae
1069 635 1299 677 altitudinis
1339 644 1413 689 est,
1458 645 1504 679 ut
1543 637 1694 679 eclesia

214 708 321 748 quae
360 692 403 731 in
444 692 534 732 eius
574 691 728 732 vertice
768 691 946 743 videtur,
991 691 1034 731 in
1072 691 1230 732 honore
1270 693 1424 732 summi
1461 699 1501 734 et
1531 692 1693 734 celestis

212 747 390 788 miliciae
434 747 635 802 principis
680 745 921 800 archangeli
963 746 1210 787 Michahelis
1259 747 1480 800 fabricata,
1531 748 1695 790 dicatur

214 803 360 844 ‘sancti
389 802 543 857 Angeli
573 801 751 843 ecclesia
781 817 916 857 usque
951 802 1005 842 ad
1044 802 1205 843 caelos'.
1274 803 1367 843 Rex
1406 803 1600 859 denique,
1642 805 1694 846 ob

213 859 454 900 munitionis
486 858 783 899 confidentiam
814 857 957 898 relicto
997 857 1121 913 longe
1161 859 1362 911 exercitu,
1407 872 1503 899 cum
1547 860 1695 914 paucis

212 915 391 955 Romam
435 914 617 956 advenit.
691 913 786 965 Quo
826 913 1023 954 decenter
1065 928 1089 954 a
1133 913 1333 954 Romanis
1376 922 1610 969 susceptus,
1653 915 1696 955 in

212 970 447 1025 predictam
489 970 764 1010 munitionem
809 969 862 1010 ad
906 968 1118 1010 Maroziae
1163 970 1423 1010 meretricisa
1466 968 1695 1011 thalamum

214 1025 447 1068 declinavit.
508 1025 639 1067 Cuius
669 1025 829 1065 incesto
860 1024 961 1065 dum
999 1025 1156 1080 potitus
1197 1032 1305 1067 esset
1341 1026 1579 1078 concubitu,
1614 1026 1696 1067 Ro-

213 1096 361 1123 manos
402 1082 522 1137 quasi
562 1081 645 1121 iam
685 1095 858 1121 securus
905 1080 1122 1135 despicere
1160 1081 1285 1135 cepit.
1346 1079 1566 1122 Habuerat
1595 1096 1695 1122 sane

214 1138 399 1178 Marozia
430 1136 563 1177 filium
599 1137 768 1177 nomine
797 1135 1055 1188 Albericum,
1094 1150 1220 1191 quem
1259 1151 1313 1177 ex
1350 1135 1548 1177 Alberico
1588 1151 1695 1177 mar-

215 1194 390 1234 chionel
430 1193 521 1247 ipsa
560 1198 775 1246 genuerat.
846 1192 929 1244 Qui
970 1192 1069 1232 dum
1111 1192 1254 1232 matris
1310 1191 1478 1233 hortatu
1521 1191 1696 1247 Hugoni

213 1250 314 1304 regi,
346 1249 494 1290 vitrico
517 1248 687 1301 scilicet,
717 1262 869 1302 aquam
892 1247 1098 1299 funderet,
1130 1254 1176 1287 ut
1202 1261 1351 1288 manus
1381 1247 1581 1299 ablueret,
1613 1248 1694 1289 abb

214 1320 262 1346 eo
293 1319 369 1359 pro
402 1304 661 1345 correctione
691 1304 734 1343 in
763 1303 913 1344 faciem
946 1317 1066 1343 cesus
1097 1309 1171 1354 est,
1209 1317 1256 1343 eo
1299 1303 1411 1358 quod
1442 1318 1526 1343 non
1556 1303 1697 1345 mode—

212 1367 300 1401 rate
332 1366 372 1401 et
400 1360 634 1414 pudenterc
664 1373 819 1414 aquam
851 1358 1094 1399 effunderet.
1140 1358 1182 1398 Is
1203 1373 1316 1410 vero,
1346 1364 1393 1399 ut
1413 1357 1584 1399 inlatam
1617 1357 1697 1399 sibi

213 1422 356 1471 posset
375 1416 543 1456 ulcissci
568 1415 777 1466 iniuriam,
810 1414 1074 1468 congregatis
1095 1414 1136 1453 in
1158 1428 1288 1454 unum
1312 1414 1524 1467 Romanis,
1555 1415 1698 1455 huius-

214 1471 328 1512 modi
373 1486 444 1513 eos
489 1485 680 1511 sermone
726 1470 938 1510 convenit:
996 1469 1225 1510 ‘Romanae
1267 1470 1384 1511 urbis
1423 1469 1605 1525 dignitas
1644 1469 1699 1511 ad

213 1533 371 1568 tantam
413 1534 474 1568 est
514 1525 730 1568 stultitiam
775 1525 913 1577 ducta,
958 1530 1004 1564 ut
1048 1525 1316 1566 meretricum
1361 1525 1486 1566 etiam
1522 1525 1699 1581 imperio

213 1589 424 1638 paroeat2.
485 1581 599 1634 Quid
631 1582 741 1622 enim
772 1581 922 1627 fedius,
955 1580 1109 1635 quidve
1140 1581 1317 1635 turpius,
1351 1596 1479 1636 quam
1510 1587 1555 1621 ut
1574 1581 1699 1621 unius

215 1637 400 1679 mulieris
440 1638 603 1678 incestu
642 1637 834 1677 Romana
875 1637 1025 1677 civitas
1062 1636 1239 1691 pereat?
1296 1637 1582 1677 Romanorum
1627 1635 1700 1677 ali-

217 1693 386 1750 quando
418 1694 539 1746 servi,
569 1693 896 1748 Burgundiones
928 1691 1102 1743 scilicet,
1143 1692 1344 1733 Romanis
1380 1691 1617 1747 imperent?
1654 1691 1700 1733 Si

215 1765 366 1802 meam,
416 1749 602 1804 privigni
639 1748 798 1789 scilicet
834 1749 911 1799 sui,
952 1747 1102 1789 faciem
1139 1747 1308 1800 cecidit,
1347 1762 1440 1789 cum
1480 1747 1700 1803 presertim

215 1820 350 1846 novus
390 1805 595 1846 habeatur
637 1804 800 1859 hospes,
840 1803 941 1859 quid
975 1804 1096 1844 vobis
1133 1804 1216 1843 iam
1253 1804 1533 1845 inveteratum
1562 1804 1700 1844 facere

216 1860 417 1903 creditis?
457 1860 525 1900 An
554 1859 907 1915 Burgundionum
938 1859 1211 1900 voracitatem
1242 1866 1282 1900 ct
1313 1859 1553 1914 superbiam
1583 1859 1701 1914 igno-

216 1917 373 1958 ratis3‘?
404 1917 546 1972 Ipsam
579 1915 725 1956 saltem
755 1916 936 1956 nominis
968 1914 1252 1969 etimologiam
1264 1915 1280 1941 ‘¹
1313 1915 1555 1970 dispicite⁴z
1595 1914 1699 1955 Bur-

215 1971 450 2028 gundiones
480 1971 573 2012 ideo
605 1972 751 2023 dictos,
784 1971 983 2026 quoniam
1025 1970 1124 2010 dum
1155 1970 1348 2023 Romani,
1380 1969 1480 2011 orbe
1520 1970 1700 2022 devicto,

216 2043 269 2069 ex
309 2035 434 2083 gente
474 2027 552 2068 hac
592 2027 783 2082 captivos
821 2027 1024 2067 ducerent
1068 2025 1233 2078 multos,
1279 2027 1583 2067 constituerunt
1628 2026 1700 2078 eis,

215 2092 261 2125 ut
291 2090 410 2124 extra
441 2083 587 2124 urbem
619 2083 766 2123 domos
804 2082 883 2123 sibi
925 2080 1208 2134 sustollerent,
1249 2095 1272 2121 a
1315 2082 1467 2136 quibus
1506 2091 1547 2122 et
1574 2080 1700 2136 paulo

214 2147 309 2194 post
338 2154 363 2180 a
392 2139 594 2180 Romanis
626 2139 678 2180 ob
710 2138 951 2193 superbiam
983 2145 1079 2178 sunt
1108 2136 1291 2192 expulsi,
1325 2145 1366 2178 et
1397 2137 1597 2193 quoniam
1619 2136 1701 2192 ipsi

215 2195 438 2236 domorum
480 2194 864 2249 congregationem,
910 2208 1018 2249 quae
1057 2207 1177 2233 muro
1218 2208 1301 2233 non
1340 2192 1559 2245 clauditur,
1604 2192 1701 2234 bur-

215 2259 341 2306 gum5
372 2257 539 2301 vocant,
570 2250 925 2305 Burgundionesfl
956 2264 981 2290 a
1011 2249 1226 2301 Romanis,
1265 2248 1375 2304 quod
1408 2255 1470 2290 est
1500 2262 1523 2288 a
1564 2247 1700 2302 burgo

216 2305 395 2362 expulsi,
426 2305 595 2362 apellati
627 2313 735 2346 sunt.
807 2305 1005 2347 Ceterum
1046 2304 1277 2345 secundum
1317 2303 1506 2345 naturale
1546 2317 1701 2344 nomen

217 2361 327 2403 Galli
358 2361 579 2416 Allobrogi
609 2367 920 2416 nuncupantur.
990 2361 1084 2415 Ego
1126 2368 1266 2401 tamen
1305 2359 1560 2401 secundume
1598 2358 1701 2400 mihi

217 2478 244 2495 a«
269 2471 429 2495 miretricis
454 2471 478 2493 1.
560 2469 590 2502 b)
612 2470 654 2493 hiv-
673 2469 859 2500 prosequitur
882 2468 907 2493 5.
980 2468 1005 2500 c)
1029 2469 1065 2492 iro.
1093 2470 1117 2493 1.
1192 2469 1220 2500 d)
1244 2468 1442 2499 etimoligiam
1468 2468 1494 2491 1.
1567 2466 1594 2497 e)
1616 2473 1637 2491 s.
1661 2474 1699 2491 m.

217 2513 236 2534 ί.
259 2511 358 2534 (Iesum
381 2510 434 2535 5³.
458 2507 524 2534 5a·.

220 2597 255 2641 1)
285 2598 485 2640 Spoletino,
521 2595 564 2627 cf.
601 2606 705 2638 supra
734 2596 770 2627 ΙΙ
809 2606 837 2627 (·.
867 2594 924 2626 48.
1028 2594 1065 2637 2)
1093 2594 1146 2627 Cf.
1175 2595 1263 2636 Leg.
1300 2604 1330 2626 c.
1366 2594 1398 2625 5.
1497 2591 1536 2636 3)
1573 2592 1625 2626 Cf.
1663 2593 1700 2624 11

219 2657 236 2678 c
277 2646 342 2687 183
380 2647 410 2678 V
439 2656 468 2678 c.
498 2645 530 2677 6.
561 2645 617 2677 18.
716 2642 755 2687 4)
783 2645 883 2676 Oros.
911 2644 1044 2676 Histor.
1078 2643 1160 2675 adv.
1194 2653 1323 2686 pagan.
1361 2642 1433 2674 VII
1471 2652 1502 2675 c.
1530 2642 1595 2673 32:
1639 2642 1700 2674 hos

218 2695 395 2737 quondam
415 2694 563 2727 subacta
582 2693 747 2725 interiore
768 2693 957 2725 Germania
979 2718 985 2724 .
1007 2717 1014 2724 .
1035 2702 1120 2735 .per
1140 2696 1254 2724 castra
1275 2690 1463 2734 dispositos
1482 2692 1517 2722 in
1536 2700 1700 2732 magnam

219 2743 392 2776 coaluisse
428 2746 570 2785 gentem
607 2746 712 2783 atque
747 2742 796 2773 ita
833 2742 937 2773 etiam
974 2751 1101 2773 nomen
1137 2751 1178 2772 ex
1206 2750 1310 2782 opere
1347 2740 1612 2782 praesumsisse,
1642 2739 1700 2779 qui

220 2792 343 2824 crebra
369 2802 432 2835 per
457 2791 606 2823 limitem
635 2790 838 2822 habitacula
867 2790 1056 2822 constituta
1087 2790 1216 2831 burgos
1242 2792 1384 2821 vocant.
1511 2786 1547 2829 5)
1575 2787 1701 2819 Italiee

219 2840 334 2883 boryo.
437 2840 470 2879 6)
497 2841 519 2872 i.
549 2850 579 2872 e.
606 2840 681 2871 sine
709 2838 811 2880 (ohne
838 2836 1058 2881 germanice)
1088 2838 1211 2879 burgo.
