1878 3201
300 218 366 250 154
660 216 959 249 LIUDPRANDI
985 216 1207 249 LEGATIO.
1259 216 1413 248 40-43.

217 339 282 364 968.
297 327 427 383 possit
456 325 705 368 animalibus
735 341 782 368 eo
813 341 998 383 parcere,
1041 327 1235 382 quatinus
1266 341 1349 367 non
1387 326 1661 379 manducatis,
1699 325 1773 367 sed

297 382 544 424 venundatis
574 382 794 437 pecuniam
825 389 1065 437 congreget.
1106 381 1295 423 Audistis
1317 381 1612 433 differentiam,
1643 380 1770 423 nolite

297 437 405 479 hanc
446 438 830 493 interpretationem
867 437 1098 491 suscipere,
1138 443 1211 477 aut
1247 438 1357 477 enim
1394 436 1533 478 futura
1571 442 1652 488 est,
1698 443 1770 478 aut

297 493 400 534 haec
437 507 538 535 vera
572 507 656 533 non
692 498 765 532 est.
824 491 1089 546 Impossibile
1129 499 1190 532 est
1234 493 1361 544 enim,
1407 499 1453 533 ut
1490 491 1769 546 Nicephorus,

299 550 406 590 sicut
436 549 515 603 ipsi
544 547 810 598 mentiuntur,
843 547 894 587 sit
924 545 1001 598 leo,
1033 552 1073 587 et
1104 546 1232 587 Ottoa
1262 547 1314 588 sit
1344 547 1516 599 catulus,
1549 547 1620 602 qui
1650 545 1773 587 simul

299 603 602 645 exterminentb
648 601 842 657 aliquem.
916 600 1076 642 ‘Ante’l
1123 602 1231 641 enim
1274 603 1507 656 ‘pererratis
1551 601 1772 642 amborum

298 658 464 709 finibus,
496 656 607 709 exul,
646 664 719 698 aut
748 657 915 697 Ararim
944 656 1123 697 Parthus
1161 655 1288 707 bibet,
1324 664 1397 698 aut
1435 657 1660 698 Germania
1689 656 1773 711 Ty-

299 714 429 769 grim',
467 728 593 769 quam
624 711 886 766 Nicephorus
917 718 958 752 et
996 711 1096 753 Otto
1133 712 1319 752 amicitia¹
1359 719 1505 753 coeant
1535 720 1575 753 et
1602 711 1773 753 foedera

298 772 484 824 iungant.

409 826 477 864 41.
535 822 725 863 Audistis
757 823 1029 874 Graecorum,
1070 821 1211 863 audite
1245 836 1357 863 nunc
1387 822 1647 876 Liudprandi
1677 821 1772 863 Cre-

299 880 509 921 monensis
530 879 718 933 episcopi
738 878 1136 932 interpretationem.
1172 878 1282 918 Dico
1303 883 1455 929 autem,
1477 884 1517 919 et
1535 892 1619 918 non
1641 876 1774 918 solum

299 935 393 976 dico
424 934 497 976 sed
526 934 702 985 affirmo,
733 933 767 973 si
797 933 1004 987 scriptura
1038 932 1140 973 haec
1178 931 1443 987 presentibus
1474 939 1536 974 est
1563 931 1777 987 implenda

299 989 574 1045 temporibus,
603 988 667 1030 leo
699 996 739 1030 et
770 988 944 1040 catulus,
984 995 1104 1043 pater
1133 995 1173 1029 et
1203 987 1325 1040 filius,
1369 987 1469 1029 Otto
1508 995 1548 1029 et
1584 987 1697 1041 Otto,
1734 988 1777 1028 in

298 1045 412 1086 nullo
443 1045 642 1100 dispareS,
674 1051 862 1098 tempore
893 1043 1092 1084 distantes
1122 1050 1298 1095 tantum,
1335 1042 1458 1084 simul
1487 1042 1566 1083 hoc
1593 1043 1777 1098 presenti

299 1109 487 1156 tempore
528 1100 868 1141 exterminabunt
903 1113 1119 1154 onagrum,
1157 1099 1200 1140 id
1240 1105 1301 1140 est
1341 1098 1574 1140 silvestrem
1613 1099 1777 1140 asinum

299 1156 607 1211 Nicephorum3
651 1156 722 1210 qui
764 1169 848 1195 non
887 1155 1118 1209 incongrue
1159 1153 1337 1195 silvestri
1366 1155 1482 1195 asino
1514 1161 1779 1209 comparatur

301 1211 354 1253 ob
384 1226 537 1252 vanam
569 1219 609 1253 et
637 1213 805 1252 inanem
836 1209 1011 1265 gloriam
1047 1211 1335 1265 incestumque
1373 1209 1565 1250 dominae
1597 1217 1637 1251 et
1666 1224 1778 1251 com-

301 1268 444 1309 matris
484 1281 584 1308 suae
622 1266 864 1319 coniugium
877 1273 904 1305 ².
980 1266 1025 1307 Si
1065 1280 1221 1320 onager
1257 1266 1334 1306 iste
1369 1280 1481 1306 nunc
1518 1280 1541 1305 a
1580 1265 1699 1306 leone
1738 1271 1778 1306 et

301 1322 438 1364 catulo
468 1329 624 1374 nostro,
657 1321 811 1362 Ottone
843 1328 882 1362 et
914 1320 1081 1373 Ottone,
1110 1327 1229 1375 patre
1260 1319 1419 1361 scilicet
1448 1328 1487 1361 et
1518 1319 1615 1372 filio,
1647 1335 1779 1375 augu-

302 1379 374 1419 stis
404 1378 691 1418 Romanorum
720 1376 1055 1430 imperatoribus,
1093 1377 1394 1417 exterminatus
1423 1390 1508 1416 non
1536 1375 1671 1428 fuerit,
1702 1390 1779 1417 nec

303 1433 419 1489 quod
448 1431 705 1487 Hippolytus
743 1432 908 1486 scripsit
946 1446 1093 1472 verum
1124 1431 1222 1483 erit,
1262 1430 1521 1471 Graecorum
1561 1432 1671 1472 enim
1710 1430 1781 1471 illa

303 1489 493 1544 superior
522 1487 739 1529 abicienda
769 1487 1055 1541 interpretatio
1088 1496 1160 1528 est.
1216 1486 1313 1538 Sed,
1346 1501 1368 1526 O
1398 1485 1494 1527 Iesu
1523 1485 1646 1539 bone,
1678 1486 1779 1527 deus

303 1552 482 1595 aeterne,
513 1543 689 1584 verbum
720 1542 861 1597 patris,
894 1543 965 1597 qui
994 1542 1115 1583 nobis
1145 1542 1328 1596 indignis
1348 1541 1544 1597 loqueris,
1573 1556 1658 1582 non
1677 1556 1781 1583 voce

304 1600 377 1641 sed
406 1599 689 1654 inspiratione,
719 1597 877 1638 nullam
907 1596 1029 1637 aliam
1064 1597 1449 1652 interpretationem
1489 1611 1615 1652 quam
1645 1612 1781 1638 meam

304 1656 346 1696 in
376 1655 456 1696 hac
486 1654 691 1695 sententia
720 1652 834 1694 velis.
892 1653 1010 1705 Iube,
1042 1660 1088 1694 ut
1116 1652 1180 1694 leo
1212 1659 1253 1694 et
1282 1652 1444 1693 catulus
1473 1653 1541 1693 isti
1570 1652 1680 1693 hunc
1711 1668 1781 1694 ex-

304 1711 528 1753 terminent
558 1716 598 1750 et
627 1708 846 1750 humilient
883 1723 1087 1763 onagrum
1125 1723 1313 1763 corpore,
1351 1708 1545 1763 quatinus
1574 1708 1617 1748 in
1648 1723 1691 1750 se
1720 1723 1781 1749 re-

303 1781 465 1818 versus,
495 1765 760 1820 dominisque
791 1764 875 1804 suis
906 1763 1062 1804 Basilio
1094 1771 1134 1805 et
1155 1762 1429 1805 Constantino
1459 1764 1783 1819 imperatoribus

304 1822 511 1873 subditus,
542 1822 583 1860 in
614 1821 680 1861 die
710 1820 868 1860 domini
900 1820 1072 1874 spiritus
1104 1820 1156 1860 sit
1185 1818 1338 1860 salvus.

416 1878 482 1918 42.
544 1875 627 1917 Sed
664 1875 891 1916 astronomi
936 1874 1014 1915 hoc
1054 1874 1164 1915 idem
1203 1874 1254 1915 de
1297 1873 1417 1915 vobis
1462 1881 1502 1916 et
1545 1874 1781 1929 Nicephoro

305 1933 587 1988 pronuntiant.
646 1931 742 1983 Res,
774 1931 957 1985 inquam,
988 1930 1105 1970 mira.
1152 1929 1260 1971 Cum
1292 1929 1475 1985 quodam
1506 1944 1599 1970 sum
1618 1928 1782 1970 locutus

306 1995 561 2039 astronomo,
601 1987 671 2042 qui
709 1992 903 2037 vestram,
944 1985 1102 2026 domini
1140 1986 1222 2026 mei
1260 1986 1440 2040 augusti,
1477 1985 1782 2041 aequivocique

306 2044 433 2085 vestri
463 2044 643 2098 augusti,
673 2042 862 2093 formam,
908 2055 1058 2093 mores,
1100 2048 1145 2082 ut
1180 2047 1287 2093 sunt,
1322 2055 1419 2081 vere
1458 2039 1576 2092 dixit,
1616 2048 1784 2081 cuncta-

308 2114 389 2154 que
420 2112 513 2139 mea
542 2098 752 2153 preterita,
784 2097 901 2151 quasi
931 2096 1142 2150 presentia
1172 2095 1290 2137 dixit.
1340 2095 1429 2137 Nec
1461 2096 1645 2151 preteriit
1675 2096 1784 2151 quis-

308 2169 435 2209 quam
465 2154 697 2194 amicorum
728 2152 794 2193 vel
831 2152 1110 2202 inimicorum,
1148 2151 1199 2192 de
1231 2152 1382 2207 quibus
1412 2166 1529 2192 mens
1558 2151 1660 2191 mihi
1690 2166 1784 2206 sug—

307 2211 435 2263 gessit
464 2215 510 2249 ut
538 2210 854 2263 interrogarem,
885 2208 1003 2247 cuius
1033 2207 1235 2259 habitum,
1265 2206 1442 2247 formam
1474 2214 1514 2248 et
1543 2220 1680 2247 mores
1701 2221 1785 2248 non

310 2265 478 2306 diceret.
543 2263 758 2319 Quicquid
803 2261 1052 2303 calamitatis
1097 2263 1198 2303 mihi
1244 2262 1323 2303 hoc
1363 2263 1405 2302 in
1444 2263 1590 2303 itinere
1628 2261 1784 2303 accidit

309 2321 496 2362 futurum
527 2334 618 2361 esse
656 2319 850 2374 predixit.
912 2318 975 2359 Sit
1013 2318 1278 2359 mendacium
1319 2326 1467 2358 omnec
1507 2317 1620 2373 quod
1657 2318 1784 2370 dixit,

310 2391 437 2417 unum
471 2389 639 2431 quaeso,
671 2373 932 2415 solummodo
964 2373 1015 2414 sit
1044 2388 1202 2425 verum,
1235 2374 1347 2429 quod
1376 2388 1452 2414 vos
1483 2388 1572 2414 esse
1601 2373 1784 2414 facturos

310 2431 548 2487 Nicephoro
579 2431 776 2486 predixit.
829 2429 924 2470 Fiat
952 2429 1125 2480 utinam,
1156 2429 1315 2469 utinam
1346 2428 1430 2481 fiat,
1462 2436 1501 2469 et
1530 2435 1619 2469 tum
1641 2427 1698 2468 nil
1718 2443 1784 2469 me

310 2487 409 2528 mali
438 2501 609 2541 passum
641 2500 730 2526 esse
760 2483 1018 2538 intellegam!

421 2542 488 2582 43.
567 2541 722 2582 Scribit
762 2541 886 2581 etiam
926 2539 1112 2594 prefatus
1152 2538 1431 2594 Hippolytus,
1479 2538 1664 2579 Graecos
1701 2553 1786 2580 non

313 2650 341 2682 a)
365 2650 441 2676 Otho
466 2650 491 2675 C.
515 2657 606 2680 saepe.
688 2647 717 2679 b)
742 2648 923 2673 exterminet
946 2648 974 2672 C.
1057 2646 1083 2678 c)
1108 2653 1196 2671 omen
1218 2646 1244 2671 C.

317 2735 352 2780 1)
370 2738 474 2779 Verg.
495 2736 572 2769 Ecl.
593 2737 620 2776 1,
649 2736 705 2769 62.
735 2735 791 2768 63.
869 2733 907 2776 2)
926 2733 1179 2777 Theophanoni
1204 2743 1354 2775 namque
1372 2733 1592 2775 Nicephorus
1620 2732 1789 2766 affinitate

314 2797 334 2817 a
352 2786 526 2828 baptismo
546 2787 694 2824 iunctus,
723 2795 800 2816 eam
829 2783 980 2825 denique
1007 2784 1042 2814 in
1069 2782 1259 2814 thalamum
1288 2783 1414 2824 rapuit,
1441 2782 1549 2814 invito
1570 2792 1707 2824 quoque
1727 2792 1789 2824 pa-

315 2834 477 2873 triarcha,
502 2835 559 2876 qui
578 2833 799 2876 postmodum
830 2832 1007 2864 consensit
1026 2830 1172 2871 (Leonis
1191 2831 1341 2862 Diaconi
1362 2830 1452 2862 Hist.
1474 2830 1530 2862 ΙΙΙ
1551 2840 1580 2863 c.
1599 2829 1648 2872 9).
1679 2829 1788 2862 CAN.
