1902 3200
506 208 808 241 LIUDPRANDI
835 208 1059 240 LEGATIO.
1112 210 1267 240 43—45.
1565 212 1630 244 155

149 320 302 362 debere
334 319 578 368 Saracenos,
609 316 682 356 sed.
711 316 897 358 Francos
928 324 1164 369 conterere3
1198 333 1281 373 qua
1310 318 1486 361 lectione
1510 322 1711 362 Sara-968.

148 376 240 417 ceni
269 373 454 425 animati,
484 378 579 413 ante
600 371 826 412 triennium
846 385 943 412 cum
964 371 1159 413 Manuele
1179 374 1369 427 patricio,
1401 374 1629 430 Nicephori

150 435 317 486 nepote,
347 429 467 469 iuxta
498 425 683 481 Scyllam
712 432 754 468 et
784 426 1047 482 Charybdim
1076 428 1119 467 in
1148 428 1254 468 mari
1285 427 1439 481 Siculo,
1476 430 1631 472 bellum

152 490 323 540 parant3
344 515 348 520 .
369 483 488 524 cuius
531 482 757 523 immensas
795 483 939 538 copias
977 497 1073 523 eum
1112 484 1449 538 prostravissent,
1494 485 1631 540 ipsum

151 538 571 594 comprehenderunt,
616 537 838 592 capiteque
883 544 1105 579 truncuma
1144 539 1470 593 suspenderunt3
1512 541 1631 582 cuius

147 595 308 636 socium
352 601 392 634 et
431 591 758 634 commilitonem
803 607 898 632 cum
944 599 1154 648 caperent,
1200 594 1271 649 qui
1313 595 1500 636 neutrius
1544 604 1631 637 erat

147 650 313 704 generis
331 657 355 702 ¹,
387 648 577 690 occidere
598 654 695 689 sunt
714 647 944 702 dedignati,
974 648 1048 689 sed
1068 650 1258 689 vinctum
1279 665 1329 690 ac
1350 649 1476 705 longa
1496 658 1631 692 custo-

147 705 217 745 dia
246 711 506 745 maceratum
526 704 630 745 tanti
650 703 940 755 vendiderunt,
972 704 1118 759 quanti
1139 719 1216 745 nec
1240 704 1370 745 ullum
1392 705 1630 747 huiusmodi

147 759 343 801 mortales
375 760 464 800 sani
494 759 642 813 capitis
673 766 858 800 emerent
870 766 896 799 ².
941 758 1031 800 Nec
1061 759 1279 800 infirmiori
1300 762 1453 813 animo,
1484 762 1630 803 eadem

147 815 410 856 *confirmati
452 814 640 866 lectione,
684 813 799 854 haud
837 812 967 854 multo
1007 822 1104 870 post
1141 816 1341 869 magistro
1385 816 1775 860 Exacontae·1›-35⁷.

148 877 389 923 occurrunt3
421 885 546 926 quem
576 870 676 910 dum
708 869 750 909 in
778 868 923 924 fugam
953 876 1174 922 verterent,
1206 871 1294 912 eius
1326 872 1469 927 copias
1501 873 1630 913 omni·
1646 868 1710 893 ¹¹¹¹·

147 925 226 969 bus
255 926 390 967 modis
421 925 718 966 contriverunt.

257 981 324 1023 44.
381 981 459 1021 Est
489 987 530 1022 et
564 979 691 1032 aliud,
731 979 845 1035 quod
875 995 986 1022 nunc
1016 980 1303 1036 Nicephorum
1334 982 1536 1038 compulit
1566 998 1631 1023 co-

147 1037 238 1092 pias
268 1037 311 1076 in
341 1035 539 1091 Assyrios
569 1035 736 1076 ducere.
802 1035 1016 1090 Argoi-um
1057 1037 1168 1077 enim
1209 1052 1375 1078 omnem
1415 1039 1631 1093 regionem

148 1093 307 1133 instans
337 1098 515 1146 tempus,
547 1090 625 1131 deo
656 1090 840 1142 iubente,
871 1105 920 1131 eo
951 1106 1084 1146 usque
1114 1092 1245 1132 fames
1266 1094 1466 1146 attrivitss,
1498 1101 1543 1134 ut
1563 1109 1632 1134 ne-

147 1161 228 1202 que
258 1147 384 1188 tritici
415 1147 498 1187 duo
519 1147 746 1201 Papienses
777 1146 949 1187 sextarii
969 1161 1096 1187 aureo
1129 1153 1437 1202 comparentur,
1467 1149 1632 1205 hocque

146 1202 220 1244 ubi
248 1202 417 1244 ubertas
450 1202 571 1257 quasi
601 1207 762 1256 regnat.
820 1201 943 1241 Hanc
973 1209 1148 1257 pestem,
1184 1203 1373 1244 muribus
1405 1218 1632 1260 cooperan-

145 1256 272 1309 tibus,
312 1258 370 1298 ita
406 1257 617 1309 dilatavit,
658 1262 704 1296 ut
739 1257 958 1297 messionis
998 1263 1187 1313 tempore
1229 1259 1432 1314 quicquid
1472 1259 1632 1316 ubique

145 1320 351 1356 terrarum
391 1327 579 1353 annonae
624 1317 733 1364 erat,
777 1312 949 1353 minimo
990 1312 1088 1354 dato
1126 1314 1273 1368 pretio,
1318 1316 1632 1370 possessoribus

148 1367 411 1420 eiulantibus,
458 1368 738 1423 congregarit.
807 1367 933 1419 Quod
978 1382 1075 1409 cum
1118 1369 1238 1410 iuxta
1280 1370 1632 1425 Mesopotamiam

146 1424 312 1477 faceret,
342 1424 415 1465 ubi
441 1423 612 1478 frugum
643 1423 767 1478 copia
796 1423 988 1464 muribus
1021 1423 1266 1465 absentibus
1304 1432 1505 1473 creverat,
1543 1442 1631 1468 are-

147 1494 226 1520 nae
274 1480 402 1520 maris
456 1478 715 1520 multitudini
764 1493 955 1519 annonae
1005 1479 1317 1521 multitudinem
1367 1483 1630 1537 coaequavit.

147 1535 284 1589 Igitur
313 1549 408 1575 cum
437 1534 510 1575 vili
539 1534 619 1574 hoc
649 1535 900 1575 commercio
937 1535 1113 1589 turpiter
1152 1536 1284 1577 fames
1314 1537 1461 1578 ubiubi
1489 1537 1631 1579 desae-

146 1592 264 1642 viret,
296 1590 509 1645 octoginta
537 1589 653 1630 milia
671 1589 924 1642 mortalium,
956 1590 1129 1632 obtentu
1151 1590 1334 1643 militiae,
1366 1607 1509 1633 secum
1535 1608 1631 1634 con-

147 1646 360 1701 gregavit3
393 1644 546 1700 quibus
576 1660 652 1700 per
688 1645 935 1686 continuum
975 1659 1175 1699 mensem,
1215 1647 1330 1702 quod
1361 1662 1442 1688 uno
1474 1656 1633 1690 emerat

147 1716 288 1753 aureO,
317 1701 483 1742 duobus
512 1700 716 1750 vendidit.
764 1700 858 1741 Hae
879 1707 987 1753 sunt,
1018 1700 1187 1742 domine
1217 1703 1288 1755 mi,
1319 1718 1399 1754 res,
1431 1718 1539 1759 quae
1560 1705 1631 1745 Ni-

148 1756 379 1812 cephorum
410 1756 554 1811 copias
584 1756 627 1795 in
647 1756 847 1811 Assyrios
878 1770 990 1796 nunc
1021 1756 1174 1798 ducere
1197 1757 1502 1813 compulerunt.
1546 1759 1631 1801 Sed

147 1811 305 1868 quales,
338 1825 507 1867 quaeso,
539 1811 714 1866 copias?
752 1826 863 1863 vere,
893 1812 1079 1866 inquam,
1110 1826 1194 1852 non
1224 1812 1425 1866 homines,
1458 1814 1531 1855 sed
1560 1815 1631 1856 ho-

147 1867 330 1909 minibus
367 1867 542 1919 similes,
579 1867 731 1921 quibus
771 1866 916 1921 lingua
950 1874 1114 1908 tantum
1151 1882 1323 1923 procax,
1363 1870 1437 1910 sed
1467 1870 1633 1925 ‘frigida

146 1922 256 1965 bello
287 1923 516 1964 dextera'4.
574 1922 670 1963 Non
709 1923 878 1978 inspicit
906 1922 950 1962 in
979 1922 1042 1963 his
1071 1922 1333 1978 Nicephorus
1372 1924 1631 1979 qualitatem,

147 1978 221 2020 sed
252 1978 383 2020 solam
415 1978 709 2034 quantitatem,
742 1978 855 2034 quod
886 1993 1014 2033 quam
1043 1978 1326 2032 periculosum
1355 1979 1415 2021 illi
1446 1982 1510 2033 sit,
1542 1989 1632 2023 tum

150 2049 242 2075 sero
272 2033 504 2090 poenitebit
533 2048 643 2086 eum,
682 2048 778 2074 cum
808 2032 998 2075 imbelles
1029 2033 1210 2088 plurimi,
1246 2035 1516 2077 multitudine
1546 2038 1633 2078 ani-

149 2090 262 2142 mati,
293 2105 317 2130 a
346 2090 498 2130 nostris
528 2090 749 2144 perpaucis
779 2088 889 2131 bella
919 2089 1172 2142 scientibus,
1215 2090 1344 2132 immo
1383 2092 1632 2145 sitientibus,

149 2151 429 2187 conterentur.

260 2201 327 2241 45.
387 2200 497 2242 Cum
528 2199 774 2241 obsideretis
806 2200 975 2252 Bareas,
1017 2201 1193 2242 trecenti
1223 2203 1515 2243 tantummodo
1547 2203 1634 2244 Un-

149 2256 240 2312 gari
277 2257 398 2297 iuxta
435 2255 776 2296 Thessalonicam
817 2256 1067 2311 quingentos
1109 2256 1268 2298 Grecos
1307 2258 1634 2313 comprehende-

148 2319 246 2353 runt
278 2318 319 2353 et
359 2313 402 2352 in
432 2311 665 2366 Ungariam
708 2310 932 2352 duxerunt.
1001 2312 1121 2363 Quae
1165 2327 1252 2364 res,
1298 2315 1396 2369 quia
1435 2328 1634 2369 prospere

151 2419 181 2453 a)
197 2421 227 2452 f.
249 2422 421 2445 truncatum
446 2418 533 2444 ΒΑΕ.

154 2507 190 2550 1)
205 2509 227 2540 i.
248 2504 278 2539 ess
298 2507 489 2539 eunuchus.
516 2506 598 2538 Fuit
616 2506 645 2538 is
663 2506 808 2538 Nicetas
829 2506 1009 2538 eunuchus
1028 2505 1090 2539 τοῦ
1111 2503 1238 2539 στόλου
1258 2503 1499 2551 δρουγγάριος.
1531 2505 1580 2538 ΟΛ
1589 2507 1633 2540 Ν.

154 2557 192 2598 2)
221 2556 275 2588 Cf.
303 2555 346 2587 de
375 2556 442 2587 hac
471 2555 685 2587 Graec-orum
715 2554 816 2586 clade
836 2555 967 2587 Leonis
986 2555 1089 2586 Diae.
1110 2555 1243 2587 Histor.
1265 2556 1315 2586 IV
1337 2566 1364 2588 c.
1387 2556 1417 2586 7.
1448 2555 1480 2593 8,
1500 2556 1530 2586 V
1550 2566 1580 2587 c.
1604 2556 1634 2596 1,

153 2605 306 2637 Cedreni
331 2604 518 2636 Historiar.
545 2604 591 2643 11,
619 2603 701 2634 353.
730 2603 812 2643 360,
838 2603 959 2645 Lupus
986 2604 1224 2646 Protospatar.
1253 2604 1333 2643 965,
1363 2604 1444 2635 Vita
1472 2604 1505 2636 S.
1529 2604 1633 2635 Nice-

152 2653 253 2696 photi
280 2653 370 2694 (Leo
397 2653 549 2684 Diaeon.
586 2651 641 2683 ed.
678 2651 773 2683 Hase
801 2663 835 2693 p.
862 2650 962 2692 442).
1063 2650 1099 2692 3)
1130 2652 1183 2684 Cf.
1212 2651 1255 2683 de
1291 2652 1356 2683 hac
1384 2652 1475 2683 fame
1503 2652 1634 2684 Leonis

153 2702 256 2733 Diae.
276 2701 368 2733 Hist.
387 2701 438 2732 VI
459 2711 488 2732 c.
509 2700 540 2739 8,
570 2699 723 2732 Cedreni
749 2700 936 2732 Historiar.
957 2699 1004 2738 ΙΙ,
1024 2700 1106 2739 372,
1127 2701 1257 2741 Georg.
1280 2700 1476 2732 Hamartol.
1496 2712 1529 2743 p.
1550 2700 1634 2741 862,

154 2751 198 2782 de
227 2749 416 2791 Nicephori
449 2750 599 2780 avaritia
631 2748 761 2780 Leonis
794 2748 889 2779 Hist.
918 2748 967 2779 IV
1003 2758 1032 2779 c.
1062 2748 1081 2778 6
1119 2748 1271 2780 Cedreni
1299 2749 1431 2780 Histor.
1461 2749 1509 2788 II,
1542 2750 1632 2780 373:

151 2793 253 2841 ἤυχει
290 2792 368 2836 &gu
407 2794 491 2840 μέγα
528 2793 767 2839 κατωρθωκὼς
803 2789 857 2827 ὃτι
890 2794 1016 2839 μοδίου
1051 2794 1096 2839 τῷ
1131 2795 1315 2839 νομίσματι
1353 2795 1633 2842 πιπραςκομένου

155 2842 261 2885 αὐτὸς
289 2841 354 2877 δύο
380 2844 577 2878 πωλεῖσθαι
603 2842 727 2877 τοῦτον
754 2842 930 2882 ἐπέταξεν.
1030 2842 1069 2885 4)
1098 2845 1201 2887 Verg.
1231 2846 1318 2877 Aen.
1346 2845 1408 2885 XI,
1436 2845 1518 2877 338.
