1878 3201
261 399 327 424 968.

212 439 278 464 Iun.
303 439 327 463 7.

187 670 196 678 ”
207 671 326 697 hirtum.

176 842 185 850 '
197 844 327 875 byssino.

164 946 173 957 ⁸
186 949 326 980 ingeniis.

199 1619 248 1652 ·p.
265 1619 330 1645 348.

188 2127 255 2151 15³1.
269 2126 294 2158 3,
307 2126 333 2150 4,

344 278 408 309 138
726 278 1026 311 LIUDPRANDI
1054 278 1277 312 LEGATIO.
1329 278 1434 310 3—5.

342 396 532 440 tecostes,
572 389 615 429 in
645 388 780 441 domo,
823 403 928 443 quae
967 388 1119 430 dicitur
1156 389 1354 445 Στεφάνα,
1393 387 1437 428 id
1475 394 1536 429 est
1567 387 1808 443 Coronaria,
1850 408 1855 411 μ

342 452 437 486 ante
463 444 747 499 Nicephorum
770 458 862 484 sum
884 443 1101 495 deductus,
1131 442 1342 484 hominem
1363 444 1462 485 satis
1483 450 1806 497 monstruosum,

343 514 610 556 pygmaeum,
643 499 780 553 capite
811 499 1025 554 pinguem,
1056 506 1181 553 atque
1213 498 1428 540 oculorum
1457 500 1663 554 parvitate
1692 499 1811 555 talpi-

343 570 455 607 num,
485 554 617 596 barba
639 561 769 605 curta,
800 553 895 606 lata,
927 554 1063 609 spissa
1090 560 1130 594 et
1159 555 1371 595 semicana
1399 554 1625 607 foedatum,
1648 556 1809 596 cervice

343 610 503 666 digitali
551 616 776 664 turpatum,
826 608 1064 663 prolixitate
1113 614 1153 650 et
1201 609 1403 651 densitate
1452 624 1667 651 comarum
1711 611 1810 652 satis

340 667 551 722 hyopam*
569 674 594 717 1,
627 663 763 705 colore
791 664 1054 719 Aethiopem,
1085 664 1152 704 cui
1171 679 1246 719 per
1265 665 1447 705 mediam
1467 665 1572 706 nolis
1594 680 1811 707 occurrere
1868 664 1873 710 3

341 730 508 763 noctem
522 728 549 773 2,
580 728 724 761 ventre
755 726 987 772 extensum,
1028 720 1195 761 natibus
1235 721 1407 772 siccum,
1447 721 1565 761 coxis
1603 721 1658 762 ad
1696 735 1808 762 men-
1868 743 1872 750 r

343 791 483 818 suram
512 778 646 830 ipsam
677 773 849 816 brevem
880 775 1184 830 longissimum,
1225 774 1416 816 cruribus
1447 790 1638 831 parvum,
1677 776 1810 818 calca·
1869 767 1871 773 ’

342 833 430 873 neis
460 832 723 887 pedibusque
754 830 983 884 aequalem,
1012 829 1184 871 villino*
1225 830 1299 872 sed
1328 831 1452 871 nimis
1490 837 1708 873 veternoso
1745 831 1811 872 vel
1868 838 1872 863 ἵ

343 887 615 929 diuturnitate
670 887 762 941 ipsa
817 885 972 928 foetido
1023 892 1062 927 et
1110 885 1265 941 pallido
1315 892 1556 927 ornamento
1605 886 1810 937 indutum,
1869 903 1871 906 ’

344 943 538 985 Sicioniis
569 941 866 983 calceamentis
889 941 1158 994 calceatum-³,
1189 941 1332 997 lingua
1351 956 1586 997 procacem,
1617 943 1811 997 ingenio*

341 998 533 1054 vulpem,
578 998 761 1053 periurio
807 1012 880 1038 seu
924 997 1143 1039 mendacio
1192 997 1372 1052 Ulyxem
1387 1005 1416 1038 ⁴.
1493 997 1668 1053 Semper
1710 997 1812 1038 mihi

342 1054 502 1096 domini
532 1054 613 1094 mei
643 1054 943 1108 imperatoresa
973 1053 1144 1108 augusti
1182 1052 1373 1106 formosi,
1417 1059 1572 1107 quanto
1608 1052 1703 1094 hinc
1732 1052 1812 1094 for-

343 1111 544 1151 mosiores
574 1109 653 1149 visi
683 1108 812 1150 estis?
858 1108 1034 1164 Semper
1064 1109 1210 1161 ornati,
1242 1116 1397 1164 quanto
1426 1109 1522 1150 hinc
1554 1107 1814 1150 ornatiores?

345 1166 521 1221 Semper
559 1171 762 1220 potentes,
805 1171 958 1220 quanto
998 1164 1095 1205 hinc
1136 1163 1418 1219 potentiores?
1468 1163 1644 1219 Semper
1680 1164 1814 1216 mites,

345 1229 500 1277 quanto
531 1220 629 1261 hinc
658 1220 876 1261 mitiores‘.>
915 1220 1092 1275 Semper
1120 1219 1345 1262 virtutibus
1375 1219 1500 1275 pleni,
1531 1226 1687 1275 quanto
1716 1219 1814 1260 hinc

343 1276 579 1332 pleniores?
617 1275 830 1317 Sedebant
858 1276 913 1316 ad
942 1276 1167 1328 sinistram,
1197 1290 1281 1317 non
1319 1277 1362 1316 in
1393 1275 1540 1317 eadem
1579 1275 1700 1327 linea,
1741 1274 1815 1316 sed

344 1334 466 1387 longe
496 1331 689 1372 deorsum
721 1331 803 1372 duo
833 1331 996 1386 parvuli
1025 1332 1296 1386 imperatores
1311 1339 1338 1383 ⁵,
1379 1331 1466 1372 eius
1502 1330 1713 1386 quondam
1744 1330 1814 1371 do-

344 1389 446 1429 mini
475 1401 585 1427 nunc
615 1385 805 1439 subiecti,
837 1387 954 1427 cuius
984 1387 1232 1427 narrationis
1262 1387 1426 1428 initium
1456 1385 1535 1426 hoc
1563 1386 1661 1427 fuit:

455 1443 494 1483 4.
540 1443 857 1494 ‘Debueramus,
887 1443 1014 1482 immo
1044 1441 1323 1494 volueramus,
1363 1447 1403 1483 te
1440 1440 1621 1496 benigne
1656 1442 1815 1495 magni-

344 1500 507 1555 ficeque
547 1498 776 1553 suscipere3
823 1497 896 1538 sed
935 1497 1095 1538 domini
1134 1498 1194 1539 tui
1237 1498 1431 1552 impietas
1473 1511 1558 1537 non
1601 1497 1815 1551 permittit,

347 1556 417 1610 qui
449 1562 536 1595 tam
565 1554 734 1594 inimica
764 1553 981 1594 invasione
1011 1553 1188 1594 Romam
1226 1553 1305 1595 sibi
1334 1552 1575 1605 vindicavit,
1606 1552 1816 1607 Bel-enga-

344 1612 432 1652 rio⁶
463 1612 522 1651 *et
552 1608 779 1651 Adelberto
811 1615 955 1650 contra
994 1609 1058 1649 ius
1088 1608 1234 1664 fasque
1273 1608 1479 1664 regnumb
1516 1607 1699 1660 abstulit,
1736 1607 1816 1648 Ro-

345 1680 565 1707 manorum
595 1664 697 1705 alios
727 1664 879 1720 gladio,
910 1664 1013 1705 alios
1044 1664 1268 1719 suspendio
1299 1664 1519 1717 interemit,
1552 1663 1682 1705 oculis
1713 1663 1815 1704 alios

346 1723 537 1778 privavit,
584 1720 709 1762 exilio
754 1720 856 1761 alios
900 1720 1147 1776 relegavit⁷,
1192 1726 1232 1761 et
1270 1720 1437 1776 imperii
1474 1719 1606 1761 nostri
1648 1719 1818 1774 insuper

347 1779 536 1819 civitates
566 1776 793 1818 homicidio
823 1784 895 1817 aut
925 1776 1118 1817 incendio
1151 1775 1230 1817 sibi
1261 1775 1467 1817 subderec
1497 1775 1735 1830 temptavit3
1777 1780 1817 1816 et

348 1834 446 1889 quia
476 1833 649 1873 affectus
682 1833 769 1872 eius
800 1846 954 1886 pravus
986 1832 1181 1873 effectum
1212 1830 1364 1872 habere
1394 1846 1477 1872 non
1516 1831 1664 1886 potuit,
1703 1843 1815 1870 nunc

346 1896 386 1930 te
424 1888 606 1929 malitiae
645 1887 768 1928 huius
809 1895 1097 1942 suggestorem
1138 1893 1262 1942 atque
1299 1886 1585 1942 impulsorem,
1623 1884 1814 1927 simulata

346 1959 464 2000 pace,
497 1944 617 2000 quasi
647 1940 835 1984 ἄσκοπον
848 1943 877 1995 d,
909 1943 951 1983 id
981 1950 1044 1984 est-
1064 1941 1385 1998 exploratorem,
1415 1942 1469 1983 ad
1488 1955 1564 1982 nos
1585 1941 1761 1982 direxit'.

458 2001 496 2041 5.
544 1999 625 2041 Cui
654 2000 826 2054 inquam
860 2013 958 2053 ego:
989 1999 1233 2040 ‘Romanam
1255 1999 1465 2039 civitatem
1487 1997 1681 2038 dominus
1701 2010 1820 2038 meus

347 2070 432 2097 non
461 2056 503 2096 vi
532 2061 603 2096 aut
633 2055 848 2109 tyrannice
888 2055 1051 2107 invasit,
1090 2054 1163 2094 sed
1194 2069 1218 2094 a
1246 2054 1427 2108 tyranni,
1464 2054 1592 2094 immo
1623 2059 1819 2107 tyranno-

348 2127 441 2152 rum
485 2112 584 2166 iugo
622 2109 828 2152 liberavit.
888 2109 1037 2151 Nonne
1075 2109 1302 2150 effeminati
1341 2108 1663 2150 dominabantur
1699 2107 1818 2149 eius‘?

349 2174 388 2209 et
419 2166 531 2222 quod
561 2167 728 2222 gravius
761 2167 849 2206 sive
879 2166 1054 2220 turpius,
1086 2179 1222 2206 nonne
1252 2164 1519 2206 meretrices?
1557 2163 1819 2214 Dormiebat‚

348 2231 393 2265 ut
422 2229 536 2278 puto,
576 2229 675 2263 tunc
713 2228 897 2277 potestas
933 2229 1016 2273 tua,
1055 2221 1182 2262 immo
1222 2220 1489 2262 decessorum
1526 2225 1708 2271 tuorum,
1748 2219 1821 2274 qui

348 2279 516 2320 nomine
557 2277 664 2329 solo,
708 2292 792 2318 non
831 2284 970 2318 autem
1008 2292 1051 2318 re
1091 2278 1182 2331 ipsa
1226 2278 1497 2330 imperatores
1537 2276 1820 2316 Romanorum

349 2340 566 2375 vocantur.
626 2333 671 2375 Si
691 2340 897 2388 potentes,
929 2334 963 2374 si
988 2333 1259 2387 imperatores
1280 2333 1566 2373 Romanorum
1588 2337 1716 2383 erant,
1748 2344 1822 2371 cur

349 2390 527 2431 Romam
558 2389 600 2428 in
628 2390 895 2429 meretricum
925 2394 1129 2443 potestate
1160 2388 1409 2429 sinebant?ss
1439 2387 1588 2428 Nonne
1613 2385 1820 2427 sanctissi-

352 2473 380 2506 a)
405 2474 595 2505 imperatoris
619 2473 645 2497 C,
708 2473 737 2504 b)
762 2473 855 2496 vitam
878 2472 903 2496 C.
926 2478 1052 2502 regnum
1075 2472 1215 2503 leqendum
1239 2479 1295 2495 esse
1317 2472 1433 2496 videtur.
1456 2478 1517 2495 cum
1537 2477 1625 2502 neque
1648 2469 1822 2501 Berenqario

351 2520 439 2544 neque
462 2512 612 2536 Atlalberto
643 2515 707 2535 tunc
737 2512 895 2535 etiamnunc
924 2511 985 2535 rivo
1018 2510 1077 2535 Otto
1107 2512 1189 2535 vitam
1220 2511 1365 2535 abstulerit
1387 2515 1409 2535 ef
1432 2511 1458 2534 in
1483 2510 1570 2541 capite
1591 2509 1715 2540 sequenti
1737 2509 1822 2532 Liucl-

347 2552 480 2584 prandus
503 2555 570 2575 recte
591 2552 666 2575 illum
685 2558 767 2581 refluo
784 2554 931 2581 utrumque
943 2550 1071 2580 pria-asse
1088 2553 1297 2580 aryumenfecw-
1313 2550 1343 2574 tle
1361 2550 1417 2574 rita
1434 2549 1503 2574 nihil
1519 2549 1635 2580 addens,
1657 2548 1687 2572 vi
1709 2549 1820 2573 terram

352 2592 423 2616 coni.
448 2591 627 2615 sr'iesehrecht.
685 2590 710 2622 c)
729 2589 895 2614 subducere
917 2588 1081 2613 BROWER
1103 2590 1179 2615 Anu.
1206 2589 1284 2615 Τνευ,
1309 2597 1336 2620 p.
1360 2590 1427 2615 471.
1450 2595 1481 2613 ez
1503 2588 1601 2612 codice.
1703 2585 1732 2617 d)
1748 2586 1822 2618 sort.

350 2628 543 2657 κατάσκοποι
567 2630 593 2654 C.

356 2694 390 2736 1)
420 2694 499 2726 Suis
527 2688 598 2734 (ὥς)
626 2693 752 2724 faciem
787 2686 870 2735 (ὂψ)
903 2691 1172 2734 praeferenterr.
1274 2689 1310 2731 2)
1338 2692 1460 2723 Iuven.
1489 2690 1564 2723 Sat.
1591 2690 1631 2729 V,
1660 2689 1724 2721 54:
1770 2684 1826 2720 cui

353 2753 415 2784 per
451 2741 602 2773 mediam
630 2741 719 2773 nolis
747 2751 930 2773 occurrere
966 2744 1118 2772 noctem.
1226 2740 1260 2781 3)
1290 2740 1343 2772 Cf.
1372 2739 1446 2771 Cic.
1482 2739 1524 2770 de
1552 2742 1638 2771 orat.
1665 2738 1682 2769 I
1710 2748 1740 2769 c.
1769 2737 1825 2769 54.

353 2790 392 2833 4)
413 2790 582 2832 Congruit
610 2800 686 2822 cum
706 2790 772 2821 hac
792 2789 982 2832 Nicephori
999 2789 1153 2830 imagine
1173 2799 1214 2820 ex
1232 2792 1329 2831 parte
1349 2788 1421 2821 Leo
1440 2789 1621 2820 Diaconus
1640 2786 1747 2826 (Hist.
1767 2785 1825 2816 III

355 2850 385 2870 c.
406 2838 425 2868 8
446 2851 478 2881 p.
498 2838 542 2870 48
564 2838 618 2870 ed.
639 2837 764 2879 Hase).
828 2837 865 2880 5)
886 2837 1038 2870 Basilius
1054 2835 1122 2878 (ΙΙ)
1139 2841 1173 2869 et
1188 2836 1436 2869 Constantinus
1451 2835 1574 2879 (VIII)
1590 2835 1739 2868 Romani
1753 2832 1824 2875 (ΙΙ)

354 2888 572 2929 imperatoris
593 2886 666 2922 filii,
688 2888 745 2929 qui
765 2897 794 2918 a.
815 2887 883 2918 976
904 2897 1047 2928 regnum
1069 2890 1309 2929 susceperunt.
1339 2884 1444 2918 CAN.
1522 2885 1558 2926 6)
1577 2884 1674 2917 Obiit
1692 2893 1723 2915 a.
1744 2882 1824 2913 966.

357 2937 391 2977 7)
420 2947 451 2968 a.
480 2936 548 2966 967
576 2937 728 2967 ineunte.
770 2935 909 2967 Contin.
937 2936 1023 2976 Reg.
1126 2933 1161 2975 8)
1191 2935 1242 2967 Cf.
1269 2935 1358 2966 infra
1387 2945 1416 2966 ο.
1445 2934 1501 2974 ss,
1526 2933 1605 2965 Ant.
1625 2932 1682 2964 111
1711 2941 1740 2964 c.
1763 2931 1823 2962 44:

354 2988 391 3016 ut
418 2985 638 3017 meretricum
669 2985 772 3017 etiam
801 2984 945 3026 imperio
973 2987 1130 3026 paroeat.
