1837 3209
307 279 325 309 6
528 280 829 313 LIUDPRANDI
857 280 1197 314 ANTAPODOSIS.
1250 281 1342 312 LIB.
1371 280 1400 312 I.
1453 280 1558 312 5—9.

119 392 188 422 88⁷-
209 392 288 454 'Now
304 388 417 430 idem
457 397 623 445 tempus
666 388 869 430 Arnulfus
910 405 985 430 rex
1023 391 1352 445 potentissimus,
1392 390 1587 431 defuncto
1628 387 1788 429 Karolo

123 459 190 484 899.
213 459 288 485 Dec.
304 445 549 498 prenomine
589 445 721 487 Calvo
741 452 764 497 ¹,
802 445 1044 499 Bagoariis,
1087 445 1260 497 Suevis,
1298 445 1472 485 Francis
1509 444 1788 488 Teutonieisa,
1830 459 1834 486 -;

304 499 592 554 Lotharingis,
632 498 951 554 audacibusque
996 499 1339 554 principabaturb
1386 499 1640 542 Saxonibus.
1709 498 1791 539 Cui
1827 493 1835 536 ἶ

125 565 289 592 892—894-
308 554 606 604 Centebaldus,
637 556 963 596 Maravanorum
985 555 1085 607 dux,
1116 555 1291 596 viriliter
1310 555 1587 610 repugnabat.
1636 554 1792 594 Beren-
1832 596 1833 601 ¹

126 611 448 664 833-394,garius
487 618 527 652 et
556 610 686 651 Wido
724 611 997 665 imperatores
1039 610 1092 650 ob
1130 625 1303 664 regnum
1338 611 1535 651 Italicum
1575 608 1788 650 conflicta-

136 680 205 705 891.
227 680 291 706 oct.
306 665 471 706 bantur.
537 665 768 706 Formosus
807 665 1050 706 Portuensis
1095 666 1275 706 civitatis
1313 667 1560 720 episeopus,
1602 665 1791 706 Romane

124 746 190 773 895·
214 717 290 773 ῙΜᾶῑ,
307 721 418 761 sedis
450 735 638 761 summus
670 728 710 761 et
729 720 979 762 universalis
1011 735 1122 775 papa
1142 719 1388 761 habebatur.
1438 721 1522 762 Sed
1542 734 1667 772 nunc,
1690 719 1793 775 quid

306 776 383 817 sub
413 790 669 832 unoquoque
701 776 851 816 horum
887 780 1051 830 gestum
1093 776 1157 827 sit,
1196 782 1321 830 prout
1360 776 1529 817 brevius
1568 789 1792 831 possumus
1830 779 1833 786 '

306 830 582 886 explicemus.

126 899 288 925 886—912.
418 887 455 926 6.
503 886 591 926 Leo
637 887 791 940 igitur,
838 885 1071 927 Grecorum
1114 886 1330 940 piissimus
1376 886 1630 940 imperator,
1676 885 1793 926 cuius

305 955 433 996 supra
462 941 640 982 fecimus
671 942 938 994 mentionem,
972 941 1237 983 Constantini
1268 940 1426 982 seilicet
1455 941 1577 981 huius
1600 940 1792 996 Porphy-

305 997 487 1052 rogeniti
518 1004 651 1051 pater,
682 997 870 1052 undique
899 1011 1006 1052 pace
1034 996 1179 1038 habita
1202 1002 1345 1037 sancte
1368 1002 1409 1037 et
1428 997 1535 1037 iuste
1558 995 1795 1037 Grecorum

305 1051 480 1106 regebat
508 1053 747 1107 imperium.
792 1052 1207 1108 Porphyrogenitum
1235 1058 1376 1093 autem
1406 1066 1492 1092 non
1520 1052 1565 1092 in
1592 1065 1794 1107 purpura,
1820 1095 1823 1097 .

306 1107 381 1148 sed
410 1108 454 1147 in
485 1107 610 1148 domo
643 1123 724 1163 que
754 1109 976 1163 Porphyra
1015 1108 1181 1158 dicitur,
1220 1114 1365 1148 natum
1399 1106 1549 1162 apello.
1607 1107 1664 1147 Et
1695 1121 1795 1162 quo-

305 1164 421 1203 niam
451 1178 517 1204 res
548 1164 754 1217 processit
783 1165 827 1204 in
857 1164 1056 1215 medium,
1088 1163 1189 1218 quid
1220 1163 1272 1204 de
1294 1164 1418 1204 huius
1438 1162 1793 1218 Porphyrogeniti

306 1219 453 1272 genesi
483 1219 734 1269 audivimus,
766 1219 1040 1274 proferamus.

420 1274 457 1314 7.
505 1273 809 1315 Constantinus
850 1276 1079 1330 imperator
1115 1280 1334 1328 augustuS,
1376 1288 1430 1314 ex
1469 1273 1587 1314 cuius
1625 1273 1796 1314 nomine

95 1337 117 1371 ⁸)
136 1340 290 1366 articulus.
310 1327 702 1384 Constantinopolis
747 1337 809 1371 est
854 1331 1002 1371 sortita
1039 1328 1295 1370 vocabulum
1335 1330 1496 1381 civitas,
1541 1329 1642 1370 τὸν*
1684 1329 1798 1370 οἰκον

307 1385 468 1436 τοῦτον,
508 1392 582 1426 ton
612 1386 708 1425 icon
738 1392 899 1437 touton,
932 1385 1106 1426 domum
1139 1386 1276 1437 istam,
1318 1384 1513 1425 edificare
1553 1385 1687 1434 iussit,
1729 1383 1798 1424 cui

307 1439 529 1495 Porphyra
559 1455 713 1481 nomen
752 1441 962 1496 inposuit,
1001 1440 1216 1495 voluitque
1248 1454 1537 1481 successuram
1567 1438 1797 1481 nobilitatis

307 1509 407 1536 suae
445 1494 636 1536 subolem
676 1496 770 1536 istic
809 1497 852 1537 in
889 1496 1026 1537 lucem
1063 1496 1252 1551 prodire,
1293 1496 1503 1550 quatinus,
1534 1496 1607 1550 qui
1638 1509 1714 1535 suo
1745 1509 1799 1535 ex

308 1556 484 1591 stemate
505 1557 792 1603 nascerentur,
822 1551 1034 1592 luculenta
1053 1551 1132 1591 hac
1161 1550 1412 1605 apellatione
1443 1550 1800 1606 Porphyrogeniti

307 1604 559 1646 dicerentur.
617 1606 742 1648 Unde
774 1612 814 1647 et
843 1606 955 1647 hunc
976 1606 1313 1658 Constantinum,
1344 1606 1498 1646 Leonis
1528 1606 1795 1661 imperatoris

307 1659 453 1713 filium,
499 1676 553 1702 ex
593 1661 683 1702 eius
722 1663 928 1717 sanguine
966 1661 1157 1702 nonnulli
1196 1661 1343 1703 dicunt
1383 1661 1590 1716 originem
1625 1661 1793 1702 ducere.

307 1716 477 1757 Veritas
506 1723 648 1758 autem
678 1718 739 1759 rei
769 1718 893 1758 huius
924 1718 982 1759 ita
1012 1733 1055 1759 se
1085 1717 1225 1758 habet.

420 1772 458 1812 8.
502 1771 685 1813 Basilius
716 1773 945 1827 imperator
973 1779 1190 1827 augustus,
1227 1787 1332 1814 avus
1372 1772 1509 1825 huius,
1539 1771 1794 1813 Macedonia
1836 1799 1837 1809 2

308 1825 456 1867 humili
487 1826 623 1868 fuerat
651 1829 851 1882 prosapia
872 1828 1087 1881 oriundus,
1117 1828 1419 1884 descenditque
1442 1827 1794 1882 Constantinopo-

93 1892 117 1926 ·)
135 1893 292 1920 articulus.
308 1881 380 1922 lim
410 1885 482 1934 τῆς
523 1897 729 1935 πτοχειας,
766 1885 851 1924 tis*
886 1883 1090 1938 ptochias,
1132 1883 1247 1939 quod
1286 1891 1348 1925 est
1375 1883 1635 1939 paupertatis
1679 1884 1793 1937 iugo,

308 1945 355 1978 ut
384 1938 554 1978 cuidam
586 1940 763 1980 serviret
792 1940 1004 1993 igumeno,
1034 1938 1078 1979 id
1108 1945 1170 1980 est
1199 1938 1356 1980 abbati.
1400 1939 1537 1994 Igitur
1566 1939 1796 1994 imperator

308 1992 519 2034 Michahel
557 1994 629 2049 qui
668 2001 768 2035 tunc
807 1995 1008 2049 temporis
1047 2001 1154 2046 erat,
1196 2008 1292 2034 cum
1330 1995 1526 2035 orationis
1566 1994 1704 2049 gratia
1740 1993 1795 2034 ad

307 2050 611 2090 monasterium
641 2049 766 2102 istud,
798 2050 841 2089 in
872 2064 953 2104 quo
975 2050 1042 2090 hic
1063 2049 1341 2102 ministrabat,
1374 2049 1658 2101 descenderet,
1677 2046 1795 2089 'vidit

96 2113 120 2147 ·)
137 2115 293 2141 articulus,
306 2103 418 2144 hunc
447 2104 581 2145 forma
602 2111 743 2160 preter
763 2111 924 2161 ceteros
946 2106 1128 2160 egregia,
1151 2106 1417 2161 accitumque
1437 2108 1534 2147 τον*
1560 2104 1794 2158 ἠγούμενον,

307 2164 379 2199 ton
409 2160 652 2215 igumenon,
697 2160 916 2213 abbatem,
956 2161 1133 2215 rogavit,
1169 2167 1217 2202 ut
1247 2176 1289 2202 se
1321 2161 1494 2202 donaret
1528 2161 1610 2201 hoc
1639 2174 1792 2215 puero,

309 2229 436 2269 quem
485 2216 742 2271 susscipiens
791 2217 836 2256 in
880 2215 1049 2271 palatio,
1101 2215 1348 2258 cubicularii
1394 2216 1567 2257 donavit
1611 2215 1750 2256 officio
1765 2223 1794 2255 ².

307 2270 442 2311 Tante
478 2271 661 2326 denique
699 2278 795 2326 post
830 2271 1046 2326 paululum
1085 2273 1306 2327 potestatis
1344 2278 1406 2313 est
1434 2272 1582 2324 factus,
1617 2277 1663 2312 ut
1691 2269 1795 2312 alter

308 2326 361 2368 ab
394 2325 590 2366 omnibus
620 2327 849 2382 imperator
879 2328 932 2369 sit
961 2326 1165 2382 apellatus
1179 2334 1208 2368 3.

420 2381 458 2422 9.
504 2381 664 2422 Verum
697 2383 796 2438 quia
827 2384 1092 2437 omnipotens
1114 2383 1217 2424 deus
1239 2397 1381 2424 servos
1403 2397 1501 2423 suos
1522 2382 1633 2424 iusta
1652 2382 1795 2423 visitat

310 2531 340 2564 a)
364 2533 381 2557 f.
405 2535 426 2557 t.
449 2539 527 2557 roces
549 2531 726 2557 cohaerentes
748 2533 777 2556 in
803 2534 828 2558 1.
851 2540 900 2556 nec
922 2533 1147 2563 ‹listz'nquendaa
1229 2531 1259 2564 h)
1282 2533 1473 2564 principatur
1496 2534 1521 2557 l.

314 2662 348 2702 1)
377 2663 444 2701 ΙΙΙ,
471 2662 558 2694 obiit
584 2672 616 2695 a.
646 2661 714 2692 888
751 2662 808 2694 die
847 2662 903 2694 13.
930 2661 1097 2693 Ianuarii.
1150 2661 1296 2695 Carolus
1333 2661 1463 2694 Calvus
1494 2662 1567 2694 iam
1601 2672 1692 2694 anno
1724 2661 1793 2693 877

311 2711 460 2743 obierat.
595 2708 634 2751 2)
663 2709 864 2743 Secundum
892 2721 1006 2742 rerum
1032 2711 1308 2752 Byzantinarum
1335 2712 1524 2752 scriptores
1550 2721 1620 2743 non
1647 2710 1690 2742 ab
1717 2711 1793 2753 ipso

312 2758 453 2800 quidem
480 2759 704 2801 imperatore,
731 2758 795 2790 sed
821 2769 842 2790 a
869 2758 1077 2790 consobrino
1113 2760 1186 2791 eius
1212 2758 1459 2802 Theophilitza
1493 2762 1568 2790 tum
1601 2762 1793 2802 protostra-

310 2808 395 2838 toris
424 2807 596 2849 dignitate
623 2810 744 2839 ornato
771 2807 926 2839 Basilius
954 2817 996 2839 ex
1023 2808 1234 2840 monasterio
1261 2809 1297 2839 in
1332 2807 1447 2839 aulam
1481 2808 1702 2849 imperatoris
1728 2807 1791 2839 ad-

311 2856 420 2886 scitus
446 2855 522 2887 fuit.
598 2853 636 2897 3)
663 2866 695 2887 a.
715 2854 785 2886 866
814 2855 870 2888 die
890 2855 946 2887 26.
966 2855 1054 2887 Maii
1079 2857 1207 2888 mensis
1234 2855 1411 2888 Michaele
1438 2855 1578 2898 collega
1603 2856 1794 2898 imperator

313 2907 498 2936 coronatus
526 2907 590 2936 est.
