1853 3209
90 696 102 705 ⁸
114 706 143 731 p.
156 699 221 724 312.

166 2156 231 2182 928.

165 2267 233 2292 931.

93 2326 163 2351 Iuni
186 2325 233 2350 20.

61 2426 131 2452 932.
154 2425 234 2456 Aug.

236 246 279 277 72
420 244 721 277 LIUDPRANDI
748 243 1093 276 ANTAPODOSIS.
1144 244 1238 276 LIB.
1267 244 1337 275 III.
1391 242 1545 274 41-42.

234 355 467 398 secundum
490 355 726 396 Grecorum
755 353 932 405 fabulas,
964 353 1182 394 oculorum
1212 354 1447 409 privatione
1477 354 1607 394 vitam
1638 353 1719 395 sibi

234 411 480 467 protelavit,
526 425 634 466 quae
677 407 819 450 multis
864 408 919 449 ad
962 409 1190 463 perniciem
1228 424 1362 464 usque
1401 411 1442 450 in
1481 416 1719 464 presentem

235 467 346 508 diem
387 481 478 508 esse
507 480 591 506 non
632 464 768 505 desiit.
826 463 1015 505 Fabulae
1044 479 1143 506 vero
1174 463 1335 516 ludum,
1367 479 1443 505 cur
1472 465 1561 505 ceci
1591 463 1719 519 pluri-

234 537 352 563 mum
382 523 543 572 vivant,
584 518 818 561 secundum
859 518 1094 560 Grecorum
1127 519 1329 574 ineptiam
1366 520 1433 560 hic
1471 521 1719 573 inseramus,

237 592 345 634 quae
376 577 469 617 talis
500 582 607 617 esta:
667 578 765 622 Ζευς
801 576 871 615 καὶ
906 577 996 630 Ηρα
1033 589 1185 629 ηρισαν
1223 588 1316 629 περι
1345 577 1617 630 αφροδισιῶν,
1647 590 1722 627 της

237 638 404 675 altiore.
437 633 515 681 ἔχει
543 633 705 683 ηδομας
735 646 776 672 εν
805 645 853 682 τη
886 636 1121 671 συννουῠῖα·
1152 645 1222 671 και
1251 631 1345 672 τότε
1374 633 1566 687 Τιρεσίαν
1586 635 1721 686 Εβρου

238 705 324 730 mov
355 687 567 738 εζήτησαν.
619 686 750 733 Οὗτος
778 685 856 740 γὰρ
889 701 930 727 εν
960 700 1052 734 ταις
1084 686 1342 741 αμφοτέραις
1373 686 1547 742 φύσεσοι
1577 689 1719 739 *μετα-

240 744 462 798 μορφώθη,
509 744 622 784 eiu&
667 741 877 797 δράκοντα
922 754 1136 794 επατησεν.
1206 741 1338 791 Οὗτος
1383 746 1454 783 οὖν
1497 757 1604 784 κατα
1647 757 1722 795 της

240 803 351 856 Ηρας,
383 812 672 854 απεφκυνατο,
712 800 781 838 καὶ
811 800 900 853 Ηρα
932 800 1175 852 οργιςθεῖσα
1205 798 1416 853 ἐπήρωσεν
1446 797 1584 851 ἀυτὸν7
1625 802 1723 847 Ζευς

240 856 283 896 δὲ
316 856 541 909 εχαρίσατο
574 853 686 894 ἀυτῶ
720 857 866 902 πολοῖς
896 858 1018 905 ζησαι
1039 866 1157 906 stt—301,
1190 868 1260 894 και
1285 855 1367 895 ὅσα
1398 858 1527 906 ελεγεν
1549 869 1722 905 μ-αντικα

239 916 375 963 λεγειν,
405 910 517 952 Zeus
547 910 603 950 ke
634 910 703 950 Ira
732 909 861 949 irisan
890 910 981 963 peri
1000 909 1241 961 afrodision,
1271 910 1323 950 tis
1352 909 1494 965 pliona
1522 909 1615 950 echi
1636 910 1724 951 ido-

239 981 328 1007 mas
359 981 412 1007 en
442 967 473 1007 ti
504 966 726 1021 synnusia3
758 965 813 1006 ke
843 965 928 1006 tote
959 965 1151 1006 Tiresian
1171 965 1290 1006 Evru
1310 980 1395 1020 yon
1421 965 1608 1018 ezitisan,
1628 973 1723 1007 utos

239 1038 315 1078 gar
360 1037 412 1063 en
455 1029 518 1063 tes
562 1020 786 1062 amfoteres
829 1019 958 1075 fysesi
996 1020 1337 1062 methamorfothi
1375 1021 1489 1075 epidi
1521 1020 1725 1063 draconta

241 1078 443 1133 epatisen,
475 1084 569 1118 utos
598 1092 656 1117 un
687 1083 780 1117 cata
809 1076 861 1117 tis
891 1076 982 1117 Iras
1012 1076 1284 1131 apefkynato,
1316 1076 1372 1118 ke
1402 1077 1471 1118 Ira
1500 1077 1726 1132 orgisthisa

243 1135 437 1189 epirosen
468 1140 611 1184 auton,
641 1132 754 1173 Zeus
785 1131 836 1173 de
867 1131 1097 1173 echarisato
1129 1140 1227 1174 auto
1258 1131 1364 1187 polis
1395 1133 1479 1173 zise
1517 1133 1632 1185 etesi,
1668 1132 1724 1174 ke

245 1204 317 1230 osa
348 1188 495 1244 elegen
532 1190 717 1229 mantica
746 1188 870 1242 legin.
936 1187 1029 1229 Hec
1059 1196 1121 1229 est
1150 1188 1459 1243 interpretatio:
1519 1188 1726 1243 ‘Iuppiter

242 1253 281 1286 et
312 1245 418 1285 Iuno
451 1244 757 1285 contenderunt
787 1243 838 1284 de
868 1244 1096 1297 amoribus,
1128 1245 1221 1298 quis
1256 1243 1397 1298 plures
1435 1242 1607 1285 haberet
1634 1243 1728 1285 libi-

242 1300 361 1342 dines
391 1301 436 1340 in
466 1300 618 1341 coitub.
677 1299 735 1340 Et
763 1306 862 1340 tunc
892 1300 1098 1340 Tiresiam
1119 1300 1222 1340 Evri
1251 1299 1385 1340 filium
1415 1300 1727 1355 quaesiverunt,

242 1356 327 1397 Iste
359 1356 471 1396 enim
501 1356 544 1395 in
574 1356 764 1409 utrisque
794 1355 954 1395 naturis
991 1360 1296 1396 transmutatus
1333 1361 1407 1407 est,
1444 1356 1544 1410 quia
1580 1355 1727 1397 draco-

242 1426 339 1452 nem
381 1410 571 1452 calcavit.
639 1410 723 1450 Hic
768 1424 867 1464 ergo
905 1417 1051 1451 contra
1097 1411 1302 1451 Iunonem
1338 1411 1644 1465 pronuntiavit,
1684 1418 1727 1453 et

241 1468 347 1508 Iuno
378 1468 484 1507 irata
514 1467 734 1507 excecavit
764 1480 874 1507 eum.
933 1466 1124 1521 Iuppiter
1153 1474 1293 1507 autem
1324 1467 1499 1507 donavit
1524 1467 1562 1507 ei
1582 1466 1727 1508 multis

241 1523 384 1564 vivere
433 1523 566 1574 annis,
617 1529 658 1563 et
706 1528 860 1577 quanta
909 1521 1078 1573 diceret,
1124 1522 1353 1563 divinando
1397 1522 1561 1563 dicere'.
1641 1521 1727 1563 Sed

241 1578 462 1620 redeamus
493 1577 547 1618 ad
576 1593 679 1619 rem.
740 1577 868 1630 Gezo,
899 1584 946 1618 ut
966 1577 1240 1633 prediximus,
1272 1577 1472 1619 membris
1494 1577 1727 1630 defoedato,

244 1634 479 1676 substantia
509 1632 618 1674 illius
650 1633 857 1688 diripitur.
918 1632 1085 1674 Caeteri
1115 1633 1352 1689 complures
1390 1632 1580 1675 custodie
1610 1648 1725 1674 man-

244 1691 450 1745 cipantur.
510 1688 757 1743 lValpertus
778 1689 821 1729 in
843 1689 1072 1730 crastinum
1094 1690 1230 1745 capite
1251 1696 1481 1741 truncatur,
1506 1689 1729 1730 thesaurus

245 1747 335 1787 eius
364 1745 553 1786 infinitus
598 1745 813 1800 diripitur,
865 1744 1047 1786 Cristina
1098 1760 1208 1786 uxor
1246 1745 1356 1786 illius
1394 1745 1572 1800 capitur,
1611 1752 1652 1786 et
1681 1750 1730 1786 ut

244 1801 464 1843 thesauros
496 1800 681 1841 occultos
712 1800 861 1852 tradat,
893 1800 1071 1841 diversis
1102 1800 1300 1842 crucibus
1329 1800 1522 1842 laniatur.
1583 1800 1731 1842 Crevit

246 1865 403 1898 extunc
432 1871 517 1897 non
546 1855 683 1897 solum
711 1856 883 1911 Papiae,
914 1856 987 1897 sed
1018 1864 1059 1898 ct
1087 1857 1131 1897 111
1162 1871 1305 1897 omnes
1326 1856 1471 1897 Italiae
1492 1856 1596 1897 fines
1617 1857 1730 1911 regis

245 1914 387 1966 timor,
437 1927 575 1967 neque
618 1912 729 1952 hunc
768 1918 816 1952 ut
852 1927 973 1967 reges
1015 1919 1174 1953 ceteros
1216 1912 1537 1968 floccipendere,
1581 1926 1729 1953 verum

247 1969 382 2010 modis
413 1967 609 2009 omnibus
638 1967 845 2008 honorare
858 1976 884 2007 ¹.

358 2025 425 2065 42.
484 2023 650 2065 Eodem
694 2029 884 2078 tempore
927 2022 1135 2075 Ildoinus,
1184 2022 1514 2064 Laudociensis²
1554 2022 1731 2064 eclesiae

247 2080 482 2135 episcopus,
523 2080 694 2135 propria
724 2079 823 2120 sede
854 2078 1068 2133 expulsus,
1113 2079 1167 2120 ad
1205 2079 1432 2134 Hugonem
1466 2093 1623 2134 regem,
1661 2078 1732 2120 cui

247 2136 462 2178 affinitatis
492 2134 601 2177 linea
630 2133 888 2188 iungebatur
916 2135 960 2176 in
999 2134 1164 2175 Italiam
1193 2135 1322 2176 venit.
1388 2134 1473 2186 Qui
1501 2134 1732 2175 honorifice

249 2193 302 2234 ab
333 2206 382 2233 eo
421 2199 682 2246 suseeptus0‚
725 2191 1012 2232 Veronensem
1054 2191 1091 2231 ei
1122 2191 1417 2246 episcopatum
1447 2190 1501 2231 ad
1532 2190 1731 2245 stipendii

250 2248 457 2289 concessit
485 2262 622 2288 usum.
681 2247 859 2287 Factum
889 2252 952 2288 est
980 2253 1132 2299 autem,
1163 2253 1210 2287 ut
1239 2254 1335 2301 post
1363 2245 1581 2301 paululum
1609 2245 1734 2286 Lam—

249 2309 393 2360 pertus
423 2302 766 2358 archiepiscopus
795 2309 1039 2355 moreretur,
1078 2309 1118 2342 et
1147 2302 1214 2343 hic
1245 2302 1338 2343 loco
1370 2303 1458 2343 eius
1488 2300 1734 2343 Mediolanii

249 2360 474 2414 episcopus
504 2359 779 2400 ordinaretur.
838 2358 1024 2399 Venerat
1062 2364 1202 2399 autem
1243 2373 1339 2399 011111
1376 2357 1536 2412 prefato
1567 2355 1733 2398 Ilduino

250 2415 482 2456 monachus
513 2414 698 2470 quidam,
728 2414 922 2455 Raterius
953 2415 1134 2466 nomine,
1178 2414 1249 2468 qui
1281 2414 1333 2455 ob
1363 2412 1610 2468 religionem
1641 2427 1733 2468 sep-

251 2533 279 2567 a)
289 2536 434 2567 sequentia
457 2542 544 2566 usque
566 2535 668 2560 dicere
690 2535 907 2566 aLlwIprando
931 2535 991 2565 Ipso
1012 2534 1119 2565 scripta
1132 2537 1198 2558 sanc
1218 2534 1242 2560 1.
1285 2531 1315 2565 b)
1327 2536 1414 2559 coetu
1438 2534 1463 2559 l.
1509 2532 1536 2566 c)
1549 2535 1688 2564 suseptus
1708 2534 1735 2558 1.

253 2634 290 2675 1)
318 2635 372 2668 Cf.
401 2636 416 2667 I
445 2647 475 2667 c.
503 2636 560 2667 35.
650 2635 684 2675 2)
712 2634 941 2674 Leodiensis3
979 2646 1010 2666 v.
1038 2634 1175 2676 Legum
1202 2634 1244 2665 T.
1271 2633 1287 2664 Ι
1324 2643 1406 2675 pag.
1435 2633 1516 2664 565.
1536 2632 1581 2664 ad
1600 2643 1632 2666 a.
1651 2633 1734 2665 920.

254 2685 305 2716 Cf.
334 2685 493 2716 Ratherii
520 2685 622 2726 epist.
651 2684 802 2716 Iohanni
838 2693 952 2725 papae
980 2683 1076 2726 (opp.
1104 2694 1137 2725 p.
1167 2680 1273 2724 538):
1309 2682 1464 2723 Notgero
1493 2705 1501 2713 .
1530 2706 1538 2713 .
1567 2683 1735 2724 episcopo

252 2733 409 2773 meliora,
436 2737 474 2765 ut
500 2743 625 2772 remur,
653 2736 794 2775 petente
823 2733 965 2764 datume
992 2732 1190 2774 piscopium
1218 2735 1271 2763 est
1297 2741 1375 2763 meo
1399 2731 1541 2763 domino
1562 2730 1734 2762 Hilduino

253 2783 326 2813 iure
362 2781 592 2824 stipendiario
627 2782 798 2824 promisso
833 2781 938 2822 regis,
975 2781 1034 2823 qui
1068 2791 1123 2811 me
1157 2783 1241 2812 tunc
1277 2779 1417 2822 oppido,
1445 2783 1483 2811 ut
1516 2778 1738 2818 credebatur,

255 2830 427 2871 diligebat
453 2834 628 2869 manente,
666 2829 759 2872 quod
786 2829 846 2861 ubi
873 2829 970 2861 illum
999 2829 1102 2861 altius
1129 2828 1358 2871 promovendi
1392 2827 1492 2860 locus
1529 2831 1738 2871 emergeret,

255 2889 319 2921 ego
347 2879 547 2921 petentibus
576 2878 678 2910 darer
709 2879 908 2921 episcopus.
