1902 3200
214 207 512 240 LIUDPRANDI
539 206 882 239 ANTAPODOSIS.
933 206 1026 238 LlB.
1055 207 1097 237 V.
1149 207 1302 238 21-22.
1429 209 1492 238 111

24 316 264 372 Stephanus
294 324 334 358 et
364 315 663 357 Constantinus
701 314 813 356 facta
842 315 1139 368 congressione
1178 329 1305 370 super
1333 322 1494 370 patrem
1510 328 1574 354 944.

23 372 202 422 irruunt,
233 386 412 426 eumque
443 371 494 412 de
522 369 677 425 palatio
699 370 864 411 civibus
885 368 1176 423 ignorantibus
1198 369 1424 424 deponunt,
1457 379 1498 412 ct

21 427 75 467 ad
111 428 295 467 vicinam
334 425 526 477 insulam,
567 426 609 465 in
649 439 733 480 qua
767 424 1057 480 cenobitarum
1088 423 1313 465 multitudo
1352 424 1496 479 phylo-

23 480 293 537 sophabatur,
325 486 445 534 tonso
476 481 526 533 ei,
557 487 605 522 ut
633 480 761 521 moris
799 486 873 530 est,
911 480 1061 534 capite,
1099 478 1494 534 phylosophandum

21 536 347 578 transmittunt1.
405 536 475 576 Fit
505 550 631 591 quam
661 549 761 575 mox
791 534 1098 589 multirumiger
1127 535 1170 574 in
1201 534 1495 576 Constantinu-

18 590 163 646 poleos
193 591 369 632 sonitus:
399 591 617 631 Romanon
639 591 820 632 eiectum
843 590 1030 645 quidam,
1061 589 1383 630 Constantinum
1408 591 1496 631 cius

21 652 252 700 generuma
294 645 557 687 interfectum
602 645 671 686 alii
716 644 999 686 clamitabant.
1057 644 1147 686 Nec
1192 659 1321 697 mora,
1367 645 1495 686 totius

19 700 166 756 populi
196 700 250 741 ad
280 701 483 756 palatium
513 701 559 742 fit
588 715 829 742 concursus.
887 700 1100 741 Romanos
1132 701 1252 754 quasi
1271 700 1499 755 imperator

19 754 221 797 abusivus
251 771 335 797 non
364 757 608 811 requiritur,
639 770 784 797 verum
816 754 1116 797 Constantinus
1146 769 1199 796 an
1220 756 1413 810 supersit,
1444 755 1496 796 ab

21 810 214 852 omnibus
267 817 549 867 percontatur.
626 810 821 866 Cumque
877 811 1160 866 inquisitionis
1209 811 1364 851 sedicio
1414 825 1497 851 non

19 866 185 907 modica
213 866 330 908 fieret
358 881 435 921 pro
467 866 755 918 Constantino,
786 865 1032 921 rogantibus
1064 865 1277 921 Stephano
1320 872 1360 908 et
1390 865 1498 907 Con-

19 922 216 975 stantino,
247 936 301 963 ex
332 936 379 963 ea
408 928 538 976 parte,
572 936 655 975 qua
675 922 927 963 Zucanistrii
954 921 1200 976 magnitudo
1221 921 1497 976 portenditur,

19 976 318 1018 Constantinus
358 978 491 1018 crines
537 977 695 1017 solutus
739 991 815 1031 per
859 976 1066 1018 cancellos
1115 985 1243 1031 caput
1288 978 1496 1032 exposuit,

18 1046 178 1087 suaque
210 1033 444 1074 ostensione
474 1031 620 1086 populi
649 1045 750 1072 mox
780 1031 1005 1073 tumultum
1037 1032 1209 1084 sedavit,
1253 1045 1301 1072 ac
1333 1033 1375 1072 in
1404 1047 1497 1086 pro—

49 1087 111 1127 ria
140 1101 350 1142 quemque
380 1087 582 1141 repedare
614 1087 765 1141 coegit.
815 1086 939 1137 Quod
960 1087 1118 1128 factum
1139 1101 1310 1141 gravem
1333 1087 1497 1128 duobus

17 1102 215 1183 lintribus
244 1142 419 1196 ingessit
457 1140 657 1182 dolorem.
727 1141 854 1192 ‘Quid
889 1142 1068 1196 profuit',
1109 1142 1316 1196 inquiunt,
1358 1142 1498 1197 ‘quod,

18 1196 213 1238 abdicato
244 1204 374 1251 patre,
404 1196 547 1249 alium,
587 1197 658 1251 qui
688 1211 772 1237 non
802 1202 923 1251 pater
959 1203 1033 1249 est,
1074 1196 1291 1238 dominum
1324 1198 1498 1240 sustine-

17 1252 137 1293 mus?
158 1250 437 1293 Tolerabilius
454 1252 563 1293 enim
581 1252 882 1307 decentiusque
898 1258 1129 1306 paternam,
1148 1267 1274 1307 quam
1296 1260 1498 1305 exteram,

16 1314 256 1363 pateremur
285 1307 624 1348 dominationem.
684 1307 799 1359 Quid
828 1306 954 1360 illud',
984 1309 1112 1360 aiunt,
1144 1307 1272 1363 ‘quod
1310 1309 1353 1349 in
1374 1308 1498 1349 huius

16 1361 221 1404 auxilium
242 1377 326 1404 non
347 1361 482 1404 solum
503 1363 711 1417 propriae,
742 1362 815 1404 sed
845 1370 885 1404 et
915 1370 1083 1404 exterae
1105 1378 1256 1405 venere
1277 1364 1499 1405 nationes?

18 1417 263 1474 Sigefredus
281 1418 438 1473 quippe
460 1418 697 1473 episcopus,
718 1418 828 1471 regis
845 1418 1039 1472 Hugonis
1059 1419 1242 1471 nuntius,
1264 1419 1498 1474 adsumptis

18 1488 161 1515 secum
193 1488 291 1515 suae
321 1473 491 1527 linguae
520 1473 759 1515 nationibus
788 1472 1130 1525 A1nelfetanisb2‚
1173 1474 1387 1527 Romanis,
1420 1475 1498 1516 Ca-

16 1530 179 1581 ietanis,
211 1528 332 1570 nobis
363 1529 417 1569 ad
445 1529 673 1582 interitum,
703 1528 802 1569 huic
832 1529 1015 1584 presidio
1046 1529 1148 1570 fuit'.

127 1585 194 1625 22.
238 1583 316 1624 His
348 1583 482 1636 dictis,
512 1590 768 1624 armatorum
799 1584 993 1625 manibus
1035 1583 1264 1638 cubiculos,
1307 1585 1418 1627 sicut
1457 1593 1497 1627 et
1512 1593 1583 1659 gg)

16 1653 93 1695 pro
124 1646 255 1694 patre,
287 1639 509 1694 complent.
571 1639 734 1691 Quibus
764 1639 1012 1681 Diavolinos
1040 1639 1207 1695 prefuit,
1246 1641 1318 1695 qui
1346 1639 1496 1682 horum
1512 1673 1625 1699 Ianuar
1647 1674 1695 1699 27.

17 1695 206 1736 omnium
236 1695 426 1736 incentor
468 1700 509 1735 et
545 1700 641 1749 post
676 1694 893 1749 paululum
923 1695 1111 1750 proditor
1151 1695 1289 1737 extitit
1301 1702 1329 1735 ³.
1390 1695 1498 1737 Con-

18 1751 244 1792 stantinum
275 1763 458 1805 namque
489 1748 606 1790 libris
638 1749 952 1792 incumbentem
991 1751 1049 1791 ita
1089 1751 1304 1792 convenit:
1365 1751 1498 1803 ‘Quae

15 1805 94 1847 tibi
123 1805 390 1846 incommoda
419 1819 443 1845 a
475 1804 689 1859 Stephano
729 1812 770 1846 et
811 1804 1084 1846 Constantino
1120 1805 1332 1858 fratribus,
1370 1806 1498 1847 immo

16 1861 208 1912 inimicis,
239 1861 321 1901 tuis
351 1866 639 1917 preparentur,
670 1860 816 1913 isthec,
850 1875 957 1915 quae
987 1861 1030 1901 in
1059 1866 1098 1901 te
1121 1868 1243 1902 vetus
1265 1868 1497 1916 permanet,

15 1915 160 1971 religio
191 1917 367 1970 ignorat,
428 1916 473 1956 Si
509 1916 620 1956 enim
657 1915 887 1956 infortunia
925 1915 1002 1957 tibi
1045 1922 1166 1970 parta
1206 1930 1255 1957 co
1288 1931 1495 1970 nosceres,

17 1976 222 2027 quatenus
253 1985 397 2026 posses
437 1971 592 2023 vivere,
633 1971 852 2026 cogitares.
920 1972 1078 2013 Uxoris
1119 1979 1216 2012 tuae
1257 1931 1497 2027 {tephanus

17 2032 57 2068 et
77 2026 376 2068 Constantinus
398 2026 558 2077 fratres,
589 2034 845 2068 armatorum
867 2027 1061 2068 manibus
1084 2028 1348 2081 congregatis
1370 2034 1496 2083 atque

17 2083 61 2123 in
92 2081 297 2123 cubiculis
326 2082 410 2123 iam
442 2081 664 2134 conclusis,
695 2089 735 2123 te
765 2096 850 2122 non
879 2089 924 2124 ut
957 2089 1121 2137 patrem
1160 2083 1212 2123 de
1239 2081 1395 2137 palatio
1426 2098 1496 2125 ex-

46 2136 182 2189 ellere,
213 2151 359 2178 verum
389 2137 457 2177 hic
499 2137 686 2191 cogitant
724 2136 972 2179 interficere.
1044 2138 1224 2180 Occasio
1264 2144 1404 2179 autem
1434 2140 1495 2180 tui

13 2152 83 2233 llic
114 2193 305 2234 interitus
335 2193 431 2234 erit:
483 2191 688 2233 Cenatum
726 2199 765 2233 te
805 2200 902 2247 post
941 2192 1153 2234 triduum⁰
1195 2193 1495 2235 Constantinus

15 2299 43 2332 a)
67 2306 206 2326 socerum
231 2301 256 2324 1.
339 2297 368 2330 b)
391 2299 410 2323 i.
434 2306 456 2324 e.
479 2298 682 2326 Amalfitanis.
763 2298 789 2331 c)
812 2300 1001 2331 postriduum
1026 2302 1051 2324 1.

17 2385 54 2429 1)
81 2387 119 2420 Si
146 2387 300 2429 Georgio
327 2386 501 2419 monacho
528 2386 677 2428 aliisque
706 2385 793 2418 fides
821 2386 985 2418 habenda
1014 2390 1075 2427 est,
1102 2388 1280 2420 Romanos
1306 2389 1496 2430 imperator

16 2445 36 2466 a
63 2435 243 2477 Stephano
270 2434 354 2475 filio,
384 2435 534 2467 consciis
562 2436 668 2466 etiam
687 2434 831 2476 reliquis
857 2436 1126 2477 imperatoribus
1145 2437 1180 2467 in
1198 2437 1328 2468 Proten
1346 2437 1494 2468 insulam

16 2482 192 2526 relegatus
221 2486 289 2523 est,
319 2483 362 2515 cf.
390 2483 558 2515 Iohannis
587 2483 714 2516 Chron.
743 2484 868 2516 Venet.
895 2482 974 2524 (SS.
1002 2484 1083 2524 VII,
1113 2482 1195 2525 23):
1225 2484 1304 2516 dum
1333 2485 1495 2517 Stefanus

18 2535 53 2564 et
79 2531 328 2564 Constantinus
354 2531 479 2564 fratres
506 2541 606 2564 suum
635 2534 821 2573 cognatum
847 2531 1114 2564 Constantinum
1142 2532 1305 2564 occidere
1332 2532 1494 2565 moliren-

16 2582 89 2620 tur,
124 2579 392 2612 interdicentem
424 2580 581 2613 Romano
617 2583 750 2623 patrem
784 2579 957 2612 violenter
986 2580 1195 2612 monachum
1224 2580 1384 2613 effectum
1412 2585 1497 2623 aput

14 2628 148 2661 insulas
187 2638 278 2670 quae
313 2628 509 2660 Paonariae
548 2631 794 2670 nuncupantur
835 2627 940 2660 exilio
980 2628 1245 2660 damnaverunt.
1372 2627 1408 2670 2)
1441 2628 1494 2660 Cf.

15 2675 104 2718 Leg.
134 2687 163 2708 c.
190 2677 249 2708 45.
283 2675 341 2707 55.
441 2677 476 2715 3)
504 2676 612 2708 Falso
645 2676 711 2708 hoc
747 2686 874 2708 nomen
907 2676 965 2707 hic
1001 2677 1183 2719 irrepsisse
1219 2675 1378 2716 videtur,
1417 2687 1493 2709 cum

15 2724 182 2764 Michael,
208 2734 311 2766 quem
334 2724 562 2757 Diabolinum
581 2727 721 2763 vocant,
740 2734 831 2756 anno
851 2723 989 2756 demum
1010 2724 1078 2756 947
1108 2725 1384 2757 coniurationem
1413 2735 1493 2756 con-

15 2775 69 2805 tra
96 2772 363 2805 Constantinum
389 2772 519 2805 factam
550 2772 732 2805 detexerit.
778 2772 952 2805 Iohannes
982 2773 1154 2806 diaconus
1174 2773 1330 2806 Venetus
1351 2772 1493 2806 Gallum

13 2821 210 2854 eunuchum
239 2820 379 2853 easdem
406 2824 524 2864 partes
553 2821 667 2863 egisse
694 2824 822 2853 narrat.
