1837 3209
268 211 351 241 XIV
740 206 1008 239 PRAEFATIO
1036 208 1276 241 EDITORIS.

275 319 399 367 Quod
431 319 619 359 ultimum
653 323 724 368 est,
756 317 912 371 reliqui
942 332 1083 357 omnes
1111 317 1210 371 fere
1242 319 1405 358 codices
1437 334 1461 358 a
1495 323 1638 359 nostro
1673 318 1742 358 de-

268 375 465 416 scendere
497 374 706 424 videntur,
739 372 799 411 ita
821 378 866 411 ut
889 371 948 412 vel
970 378 1122 424 aperta
1143 378 1179 412 et
1197 372 1447 427 sinqularia
1469 388 1613 413 eorum
1634 374 1743 413 vitia

268 437 304 470 et
335 429 521 482 defectus
553 427 758 482 quomodo
793 426 898 467 male
931 426 1132 467 intellecto
1170 434 1316 468 nostro
1349 434 1442 468 orta
1475 429 1561 468 sint
1584 428 1741 468 intelle-

268 491 412 540 gatur.
475 483 609 524 C'uius
640 484 704 522 >rei
730 481 929 535 plurima
970 481 1162 535 exempla
1196 483 1240 522 in
1272 483 1629 523 annotationibus
1660 484 1743 524 cri-

269 541 365 580 ticis
396 538 578 579 adduoez‘.

384 593 524 634 Talem
555 592 739 632 codicem
780 597 953 643 nactus,
994 607 1084 632 eum
1117 592 1176 632 acl
1205 591 1389 633 litteram
1418 592 1744 646 exprimendum

272 650 429 700 censui,
462 647 576 701 quod
606 662 771 687 summa
801 645 1234 701 diliqentiafactum,
1273 653 1309 687 et
1332 648 1614 701 paucissimis
1646 653 1741 688 tan-

272 712 355 745 tum
401 706 440 744 in
484 702 600 753 locis,
641 702 715 742 ubi
757 707 972 742 auctorem
1011 702 1141 755 lapsu
1172 702 1331 742 calami
1361 703 1608 756 scripsissel
1642 718 1740 743 con-

272 761 422 810 stabat7
463 758 613 798 addita
655 763 794 797 tamen
834 757 994 798 codicis
1032 757 1217 809 lectione,
1260 757 1310 797 ab
1351 773 1401 797 ea
1431 772 1635 798 recessum
1671 763 1746 800 est.

273 816 344 855 Ad
374 815 672 854 Illonacensem
697 813 894 866 proxime
927 812 1090 852 accedit

383 870 426 921 2)
462 868 503 910 C.
537 869 680 921 reyius
710 866 1008 907 Bruoeellensis
1038 866 1148 907 9904
1179 867 1346 907 membr.
1379 868 1423 906 in
1453 867 1520 906 4⁰.
1552 881 1662 907 saec.
1693 867 1742 906 X.

273 930 447 966 exeunte
487 925 534 963 in
576 922 815 963 Germania
855 928 1077 973 escaratus,
1116 923 1192 976 qui
1228 922 1397 963 saeculo
1437 921 1527 961 XV.
1598 920 1747 962 Codex

273 979 405 1020 sancti
435 977 602 1018 martini
631 978 675 1017 in
706 978 939 1032 spanheym
972 978 1209 1031 inscriptus
1239 983 1310 1017 est.
1360 977 1471 1017 Eum
1495 991 1610 1017 anno
1638 976 1746 1017 1826

274 1037 488 1089 inteyrum
521 1036 563 1074 in
597 1048 701 1073 usus
738 1039 903 1074 nostros
943 1034 1142 1083 converti,
1185 1038 1308 1086 atque
1338 1047 1357 1072 e
1388 1032 1646 1072 Illonacensi
1675 1031 1744 1071 de-

275 1092 481 1143 scriptum
514 1090 560 1129 in
581 1088 829 1128 Annalibus
860 1089 1019 1128 nostris
1043 1089 1085 1128 T.
1123 1088 1213 1138 VII,
1244 1087 1325 1128 396
1348 1087 1549 1141 probavi.
1595 1085 1745 1140 Scrip-

274 1153 396 1186 turae
426 1145 635 1198 specimen
666 1144 793 1184 babes
824 1144 868 1183 in
899 1142 1048 1183 tabula
1077 1149 1184 1184 tomo
1206 1142 1280 1182 III
1299 1142 1378 1184 SS.
1402 1143 1582 1183 adiecta.
1628 1142 1746 1182 Idem

275 1202 418 1251 codex,
451 1205 654 1253 quantum
685 1198 852 1239 collatis
871 1198 973 1239 locis
996 1199 1192 1239 iudicare
1212 1198 1318 1249 licet,
1353 1198 1577 1238 Tritliemio
1600 1197 1746 1251 Span-

275 1256 480 1297 lieimensi
511 1255 569 1295 ad
599 1269 752 1294 manus
769 1253 915 1307 fuisse
948 1254 1124 1294 videtur.
1169 1254 1440 1294 Eoeciderunt
1467 1254 1555 1293 iam
1578 1258 1746 1306 quater-

278 1313 426 1352 niones
456 1310 514 1349 II.
547 1315 583 1350 et
612 1310 719 1349 IIII.
752 1324 843 1349 cum
876 1309 968 1348 Lib.
1001 1309 1034 1360 Ι,
1070 1309 1215 1360 1-13,
1247 1314 1283 1348 et
1304 1309 1362 1360 H,
1393 1307 1531 1348 3—*34
1546 1306 1647 1360 fere
1678 1307 1745 1347 in-

276 1367 420 1421 teqris,
452 1371 576 1418 atque
600 1366 778 1418 payina
809 1379 895 1418 qua
915 1364 1026 1416 finis
1056 1363 1081 1403 l.
1115 1364 1155 1404 V.
1189 1380 1220 1404 c.
1253 1363 1317 1406 32.
1350 1370 1436 1403 tum
1467 1362 1532 1403 33.
1555 1368 1591 1401 et
1614 1377 1746 1416 arqu-

275 1427 461 1461 mentum
490 1420 593 1460 libri
633 1420 697 1460 VI.
729 1419 1050 1470 continebatur;
1089 1425 1124 1459 et
1156 1419 1259 1459 ordo
1291 1420 1624 1473 quaternionum
1654 1417 1748 1457 Fri-

278 1476 545 1530 sinyensium
583 1475 646 1515 VI.
677 1481 713 1514 et
750 1474 862 1514 VIII.
895 1475 1112 1528 quondam
1143 1474 1339 1513 turbatus
1370 1472 1514 1528 effecit,
1560 1478 1602 1512 ut
1632 1471 1748 1513 locus

278 1532 442 1585 inteyer
475 1530 574 1570 inde
606 1530 658 1569 ab
695 1535 947 1583 aryumento
977 1544 1073 1583 cap.
1098 1529 1148 1568 31
1178 1528 1279 1570 libri
1308 1528 1379 1568 IV.
1439 1527 1506 1568 De
1530 1527 1748 1567 Friderieo

281 1600 413 1639 usque
445 1586 504 1625 ad
531 1585 660 1625 verba
690 1585 847 1638 capitis
878 1584 943 1623 24.
974 1584 1161 1624 eiusdem
1200 1583 1301 1624 libri
1330 1583 1453 1623 Hane
1481 1582 1611 1637 igitur
1642 1580 1750 1622 Con-

281 1640 464 1692 stantini,
494 1640 632 1680 medio
662 1640 709 1680 in
741 1640 880 1693 capite
913 1639 953 1690 V,
975 1639 1013 1679 9.
1046 1645 1142 1681 ante
1172 1637 1284 1678 solus
1307 1638 1511 1692 impetum
1532 1636 1753 1678 sustineret

280 1698 445 1737 inserta
477 1695 730 1736 habeantur.
794 1694 982 1736 Ceterum
1024 1695 1233 1735 *nonnisi
1265 1696 1310 1735 in
1343 1694 1408 1733 liis
1438 1692 1604 1733 duobus
1636 1692 1750 1733 codi-

133 1753 398 1796 ·p.271.cibus
433 1749 623 1791 ultimum
653 1750 754 1790 libri
793 1750 858 1790 VI.
890 1755 1019 1802 caput
1048 1750 1262 1804 integrum
1293 1754 1420 1789 extat.

392 1806 439 1858 3)
475 1805 517 1847 C.
551 1806 692 1845 Musei
726 1805 983 1845 Britannici
1024 1805 1133 1844 inter
1170 1804 1436 1844 Harleianos
1475 1802 1531 1843 N.
1563 1801 1671 1843 2688
1702 1803 1751 1842 in

268 1862 353 1916 fol.
392 1861 636 1901 membrana
677 1865 713 1900 et
751 1861 971 1913 scriptura
1010 1859 1172 1900 saeculi
1201 1859 1324 1898 XIII.
1355 1858 1492 1909 Italis,
1529 1871 1581 1898 esc
1612 1857 1754 1898 codice

284 1931 480 1958 Dianas-Se
511 1917 681 1956 videtur
710 1914 897 1969 sinyulis
928 1915 1286 1969 quaternionibus
1316 1928 1482 1964 manco,
1514 1914 1589 1967 qui
1613 1918 1755 1952 tamen

282 1979 317 2013 et
348 1973 437 2027 ipse
468 1985 519 2011 eoe
550 1971 822 2024 Frisinyensi
850 1969 923 2010 sed
953 1985 1038 2010 non
1070 1984 1121 2010 eac
1151 1984 1196 2010 eo
1227 1969 1364 2010 solum
1395 1969 1616 2009 derivatus
1638 1973 1752 2008 esset.

281 2028 371 2068 Lib.
394 2027 429 2078 Ι,
450 2026 503 2066 42
524 2032 682 2066 teoetum
702 2025 968 2080 sinqularem
989 2025 1164 2077 eocliibet,
1187 2025 1244 2077 ΙΙ,
1267 2026 1305 2066 6.
1327 2030 1364 2064 et
1383 2023 1559 2075 26-40,
1576 2021 1754 2063 45-66.

284 2084 364 2134 ΙΙΙ,
396 2082 533 2122 26—]
543 2082 583 2122 V.
614 2082 651 2122 6.
694 2080 723 2120 I
730 2080 770 2132 V,
801 2080 949 2120 9—14.
975 2080 1076 2134 fere
1115 2081 1289 2134 integra
1325 2079 1643 2129 desiderantur,
1683 2077 1756 2117 sed

282 2139 454 2179 lacunis
485 2137 604 2177 baud
633 2136 855 2176 indicatis.
901 2136 1076 2176 Desinit
1104 2135 1174 2175 lib.
1208 2135 1248 2185 V⁷
1274 2134 1322 2174 18
1353 2136 1403 2175 ‘in
1432 2133 1572 2174 verbis
1602 2147 1646 2173 se
1667 2131 1757 2186 regi

283 2191 549 2235 seminudum
594 2190 841 2232 ostenderet.
918 2192 1093 2231 Teoetum
1138 2191 1277 2245 capite
1315 2190 1359 2242 Ι,
1402 2188 1456 2229 42
1500 2188 1679 2229 eundem
1721 2192 1758 2228 et

283 2249 466 2289 laczmas
503 2247 671 2288 easdem
702 2246 761 2298 ΙΙ,
799 2247 824 2287 6
867 2252 989 2300 atque
1020 2245 1085 2297 ΙΙ,
1125 2244 1291 2286 45-66
1331 2244 1544 2295 emliibent,
1580 2243 1758 2297 ideoque

285 2305 344 2344 ad
379 2303 555 2344 eandem
599 2301 775 2343 classem
820 2300 1037 2355 referendi
1079 2307 1181 2342 sunt
1225 2300 1388 2342 codices
1430 2298 1667 2354 complures
1709 2297 1757 2337 in

284 2358 469 2400 Austria
500 2374 527 2398 a
555 2372 617 2398 me
647 2356 826 2398 evoluti:

395 2413 465 2467 3³)
501 2413 543 2455 ζ’.
584 2411 678 2453 bibl.
720 2412 950 2452 Palatinae
987 2411 1323 2452 Vindobonensis
1353 2410 1434 2450 427
1473 2409 1588 2463 (hist.
1632 2405 1750 2461 prof.

285 2469 341 2510 N.
373 2469 473 2521 338)
498 2468 665 2509 membr.
695 2482 803 2508 saec.
821 2467 919 2506 XII.
951 2467 1074 2507 cuius
1103 2465 1299 2506 lectiones
1330 2465 1494 2519 aliquot
1522 2465 1570 2505 in
1601 2463 1753 2503 Mura-

286 2525 389 2565 torii
419 2523 500 2565 SS.
531 2523 590 2563 ΙΙ.
622 2523 674 2574 Β,
710 2522 814 2563 1089
857 2537 943 2576 sqq.
980 2521 1139 2562 allatae
1176 2526 1300 2573 s·unt;
1340 2519 1497 2561 desinit
1534 2519 1583 2558 in
1615 2519 1755 2572 capite

287 2580 369 2632 ΙΙΙ,
400 2579 466 2620 37.
498 2578 837 2633 ‘primogenitum
868 2577 1052 2618 Domino
1083 2575 1245 2616 Amen'.

398 2634 473 2689 3¹³)
510 2634 552 2675 C.
583 2634 678 2674 bibl.
713 2632 1218 2687 OEaustroneoburyensis
1246 2630 1412 2671 membr.
1444 2644 1552 2670 saec.
1584 2627 1683 2668 XII.
1712 2629 1761 2668 in

292 2727 327 2771 1)
356 2730 557 2761 Sententiae
586 2729 743 2762 Graecae
778 2731 978 2760 constanter
1011 2728 1061 2760 ita
1097 2726 1303 2766 scribuntur,
1340 2728 1379 2756 ut
1411 2724 1561 2766 primum
1586 2721 1762 2755 vocabula

290 2777 444 2817 Graeca,
481 2781 552 2809 tum
588 2778 753 2820 imposita
788 2777 837 2808 eis
870 2776 1114 2819 pronunciatio
1141 2775 1280 2814 Latina,
1308 2776 1380 2805 tum
1407 2782 1490 2804 vero
1516 2770 1760 2813 interpretatio

289 2825 417 2856 Latina
443 2825 591 2867 legatur.
