1902 3200
326 288 637 322 *LIUDPRANDI
662 288 891 321 HISTORIA
920 287 1134 321 OTTOle.
1188 290 1291 320 6—7.
1484 292 1548 322 127

75 401 354 452 illustriorem,
385 404 527 440 sancto
556 398 797 453 imperatori
818 398 985 439 nuntios
1007 397 1162 452 dirigit,
1192 398 1407 450 mandans,
1437 399 1628 440 handum.

77 457 230 497 mirum
261 469 364 506 esse,
395 454 429 494 si
458 454 660 494 hactenus
690 453 919 494 iuventutis
949 454 1046 508 igne
1074 453 1225 505 victus,
1256 453 1415 507 puerile
1447 454 1546 508 quid

74 512 268 568 gesserit,
312 511 396 550 iam
437 515 603 565 tempus
643 508 839 562 instabat,
885 522 980 549 cum
1021 508 1155 549 alieno
1197 515 1369 563 cuperet
1407 509 1548 550 vivere

76 581 204 608 more.
262 565 479 606 Mandavit
508 566 631 606 etiam
662 564 802 606 dolose
835 564 1061 619 quaedam:
1091 563 1278 604 Leonem
1300 564 1549 618 episcopum

76 630 117 665 et
136 622 365 663 Iohannem
393 620 611 662 diaconem
636 618 905 671 cardinalem,
935 633 1031 659 suos
1052 618 1252 667 infideles,
1283 620 1549 673 suscepisset,

75 686 116 720 et
146 677 272 732 quiaa
302 682 472 717 sanctus
502 677 730 731 imperator
757 675 1045 731 promissionis
1075 688 1175 715 suae
1206 673 1332 715 fidem
1363 673 1549 726 violaret,

75 733 176 775 dum
206 746 276 773 eos
318 732 389 786 qui
419 746 467 772 eo
497 731 577 772 loci
608 730 845 783 manebant,
876 745 961 771 non
991 730 1071 785 ipsi
1101 729 1175 771 sed
1205 729 1284 771 sibi
1315 730 1549 770 iuramento

74 788 335 842 astringeret.
395 786 561 839 Quibus
592 787 837 842 imperator:
869 786 963 826 ‘Pro
996 786 1279 837 correctione’,
1309 785 1456 840 inquit,
1488 790 1551 826 ‘ac

74 857 238 884 morum
276 843 562 895 inmutatione,
609 857 735 898 quam
774 842 990 897 promittit,
1027 841 1182 895 gratias
1218 855 1319 896 ago,
1365 855 1418 881 ex
1456 856 1550 896 pro-

74 899 285 940 missionis
325 913 424 939 vero
465 899 810 950 commutatione,
852 898 970 937 cuius
1009 912 1075 938 me
1115 897 1271 952 arguit,
1307 896 1476 949 fecisse,
1516 897 1551 937 si

74 969 218 997 verum
249 954 314 1007 sit,
345 955 425 1009 ipsi
446 954 706 1010 perpendite.
752 954 932 996 Omnem
954 960 1105 994 terram
1132 953 1265 993 saneti
1286 952 1412 1004 Petri,
1445 966 1551 1007 quae

74 1019 240 1051 nostrae
279 1011 476 1064 potestati
513 1011 763 1064 proveniret,
802 1009 1071 1064 promisimus
1108 1007 1302 1060 reddere3
1348 1015 1473 1063 atque
1508 1008 1552 1049 id

74 1066 134 1107 rei
165 1073 238 1118 est,
278 1065 392 1120 quod
422 1081 476 1107 ex
512 1066 589 1107 hac
624 1066 854 1106 munitione
882 1064 1186 1118 Berengarium
1222 1078 1318 1104 cum
1350 1064 1464 1104 omni
1493 1062 1551 1103 fa-

74 1120 189 1161 milia
222 1120 377 1175 pellere
415 1121 668 1162 laboramus.
727 1121 822 1172 Quo
861 1121 972 1161 enim
1007 1125 1131 1174 pacto
1171 1126 1324 1159 terram
1365 1119 1473 1159 hanc
1515 1119 1551 1160 ei

72 1175 247 1218 reddere
277 1175 515 1231 possumus,
546 1177 580 1217 si
610 1191 694 1216 non
724 1177 840 1231 prius
870 1190 962 1216 eam
984 1189 1038 1216 ex
1058 1174 1337 1216 violentorum
1358 1174 1552 1216 manibus

72 1237 258 1286 ereptam
289 1233 485 1286 potestati
515 1238 682 1273 nostrae
712 1230 975 1272 subdamus?
1017 1230 1203 1272 Leonem
1233 1230 1481 1285 episcopum
1513 1236 1553 1271 et

74 1287 304 1329 Iohannem
335 1287 589 1329 cardinalem
620 1287 852 1340 diaconem,
883 1301 983 1328 suos
1013 1285 1215 1339 infideles,
1247 1300 1353 1341 quos
1383 1300 1460 1326 nos
1486 1300 1551 1326 su-

74 1343 260 1399 scepisse
281 1351 466 1396 accusat,
488 1343 550 1384 his
573 1344 833 1398 temporibus
855 1357 932 1384 nec
953 1342 1149 1393 vidimus,
1170 1356 1248 1383 nec
1269 1341 1551 1397 suscepimus:

75 1398 482 1454 Constantinopolim
513 1398 667 1440 domno
698 1413 809 1455 papa
840 1412 910 1440 eos
941 1396 994 1439 ob
1026 1398 1219 1438 iniuriam
1249 1404 1434 1438 nostram
1458 1411 1551 1451 pro-

73 1455 308 1496 ficiscentes
338 1455 556 1510 dirigente,
589 1455 736 1510 Capue
766 1461 873 1507 sunt,
905 1460 951 1495 ut
979 1453 1232 1501 audivimus,
1264 1453 1389 1508 capti.
1450 1453 1552 1505 Qui-

74 1510 252 1552 buscum
283 1511 406 1551 etiam
438 1510 674 1562 Saleccum,
704 1511 872 1552 natione
902 1508 1163 1564 Bulgarium,
1194 1508 1441 1550 educatione
1463 1508 1550 1549 Un-

72 1566 252 1621 garium,
293 1566 437 1607 domni
475 1581 609 1621 papae
647 1565 1038 1618 familiarissimum,
1082 1572 1122 1606 et
1160 1564 1375 1605 Zacheum
1412 1564 1551 1605 virum

71 1621 356 1677 reprobatum,
387 1622 624 1663 divinarum
654 1629 781 1677 atque
802 1621 1078 1662 humanarum
1105 1621 1284 1661 inscium
1304 1620 1550 1673 litterarum,

74 1691 100 1718 a
129 1676 283 1718 domno
314 1692 424 1733 papa
454 1678 725 1733 episcopuml
756 1678 919 1718 noviter
950 1683 1255 1727 consecratum,
1287 1683 1327 1717 et
1352 1675 1550 1730 Ungariis

76 1732 130 1773 ad
164 1732 481 1788 predicandum,
519 1740 565 1774 ut
604 1748 730 1788 super
768 1747 843 1774 nos
884 1734 1054 1784 irruant,
1095 1731 1361 1784 destinatum,
1403 1731 1552 1773 eodem

76 1797 221 1844 captos
253 1803 343 1830 esse
371 1789 624 1830 audivimus.
664 1789 782 1830 Haec
813 1789 1013 1829 domnum
1043 1802 1198 1843 papam
1228 1787 1353 1828 nullis
1383 1802 1553 1828 narran-

75 1843 186 1885 tibus
216 1844 364 1886 fecisse
395 1845 673 1897 crederemus,
704 1845 785 1885 nisi
804 1844 965 1885 litterae
985 1842 1112 1884 tidem
1132 1842 1412 1891 admitterent,
1444 1857 1552 1898 quae

74 1898 249 1955 plumbo
281 1900 468 1955 signatae
499 1900 563 1941 sui
593 1901 775 1941 nominis
806 1906 1038 1940 caracteres
1068 1901 1326 1940 monstrant'.

187 1955 224 1996 7.
256 1955 334 1996 His
357 1955 548 2011 expletis,
575 1955 905 1996 Landohardum
925 1970 950 1995 a
972 1954 1159 1995 Saxonia
1178 1954 1551 2007 Mimendensem2,

75 2017 116 2052 et
157 2010 480 2066 Liudprandum
524 2011 577 2053 ab
621 2011 744 2053 Italia
790 2011 1118 2053 Cremonensem
1163 2011 1408 2065 episcopos,
1456 2024 1551 2051 cum

73 2065 246 2122 prefatis
266 2067 422 2109 nuntiis
443 2067 621 2108 Romam
644 2067 800 2122 dirigit,
831 2067 985 2108 domno
1015 2080 1152 2121 papae
1184 2081 1226 2107 se
1254 2065 1551 2121 inculpabilem

73 2136 165 2163 esse
204 2122 501 2164 satisfacturos.
571 2123 762 2175 Quorum
802 2123 929 2164 etiam
966 2122 1169 2163 militibus
1205 2121 1284 2163 hoc
1322 2122 1550 2177 imperator

73 2178 208 2218 iustus
252 2178 468 2234 imposuit,
513 2185 559 2219 ut
602 2180 635 2219 si
680 2193 799 2220 secus
844 2179 1023 2219 domnus
1065 2191 1178 2233 papa
1219 2192 1303 2219 non
1348 2177 1548 2229 crederet,

73 2233 211 2275 duello
241 2249 388 2275 verum
418 2248 507 2276 esse
537 2235 842 2290 approbarent„
891 2233 1047 2275 Prefati
1074 2235 1202 2289 igitur
1221 2232 1547 2275 Landohardus*

73 2296 114 2332 et
142 2288 439 2345 Liudprandus
470 2291 658 2346 episcopi
687 2291 866 2331 Romam
903 2297 998 2332 ante
1035 2289 1180 2330 domni
1215 2303 1351 2345 papae
1381 2304 1549 2345 presen-

72 2345 174 2386 tiam
219 2346 446 2399 venientes,
490 2352 606 2387 tanto
651 2353 747 2388 sunt
789 2345 990 2387 inhonore
1033 2345 1231 2400 suscepti,
1276 2351 1322 2386 ut
1365 2360 1449 2386 non
1479 2359 1548 2386 eos

70 2400 229 2454 lateret,
261 2408 417 2457 quanto
449 2408 641 2443 sanctum
671 2403 968 2457 imperatorem
998 2400 1110 2451 tedio
1146 2401 1366 2443 fastidiret.
1426 2401 1548 2443 Ordi-

71 2457 201 2497 natim
242 2464 399 2511 tamen,
438 2465 565 2514 prout
601 2458 660 2499 eis
700 2459 931 2499 iniunctum
971 2457 1124 2510 fuerat,
1167 2464 1424 2509 enarranteS,
1464 2471 1548 2497 non

70 2513 317 2566 iuramento,
358 2527 443 2554 non
482 2512 619 2555 duello
659 2514 986 2555 satisfactionem
1024 2527 1138 2569 papa
1175 2513 1363 2568 recipere
1403 2512 1546 2565 voluit,

71 2568 145 2609 sed
179 2569 222 2609 in
261 2568 408 2611 eadem
449 2584 533 2625 qua
570 2569 706 2611 fuerat
742 2570 894 2611 mentis
935 2568 1089 2610 duritia
1128 2568 1291 2609 mansit.
1361 2566 1547 2609 Subdole

71 2629 211 2665 tamen
246 2632 342 2680 post
381 2625 470 2666 dies
511 2632 604 2667 octo
635 2625 866 2667 Iohannem
903 2626 1150 2680 episcopum
1180 2624 1466 2675 Narniensem‚
1508 2630 1548 2664 et

71 2678 348 2722 Benedictum
379 2680 633 2723 cardinalem
666 2681 897 2732 diaconem,
939 2695 1035 2721 cum
1066 2680 1154 2720 istis
1186 2679 1338 2720 domno
1370 2679 1547 2734 impera-

71 2736 150 2776 tori
180 2734 414 2790 destinavit,
444 2745 610 2793 putans,
641 2752 684 2779 se
714 2737 825 2778 hunc
855 2737 939 2778 suis
969 2734 1165 2777 deludere
1195 2749 1319 2790 posse
1340 2735 1547 2788 versutiis,

71 2843 100 2876 a)
123 2845 195 2876 quia
216 2847 239 2869 et
261 2845 335 2869 linea
355 2846 481 2877 sequenti
502 2846 582 2877 quod
606 2847 630 2871 1.

73 2929 108 2974 1)
137 2932 301 2966 Genzano
328 2944 435 2977 prope
461 2933 626 2967 Velitras.
728 2931 766 2975 2)
794 2930 995 2972 958-969,
1022 2931 1114 2973 regis
1143 2929 1391 2963 consiliarium.

1566 2251 1610 2286 'p.
1625 2253 1690 2280 342.
