1894 3184
370 236 670 276 LIUDPRANDI
696 236 1037 270 ANTAPODOSIS.
1089 238 1183 270 LIB.
1211 239 1240 271 Ι.
1291 240 1420 272 9-11.
1620 243 1636 272 7

159 347 248 388 vult
296 360 562 403 quacumque
611 360 815 398 censura,
864 345 976 387 1111110
1019 347 1316 402 imperatorem
1362 350 1637 392 Michahelem

159 416 284 444 sanae
314 402 464 443 mentis
498 401 554 442 ad
590 406 758 457 tempus
796 416 880 442 non
911 416 1001 442 esse
1031 403 1300 457 permiserat,
1340 412 1386 444 ut
1416 419 1496 459 quo
1527 405 1637 447 hune

158 458 331 512 gravius
362 464 570 512 premeret
599 457 642 496 111
673 457 840 509 infimis,
873 472 921 498 eo
952 457 1263 498 misericordius
1292 466 1577 500 remuneraret
1596 462 1637 501 in

160 513 347 553 summis.
405 512 527 564 Nam,
560 518 603 553 ut
631 512 773 564 fertur,
806 512 928 553 huius
959 520 1147 567 tempore
1176 514 1382 567 passionis
1412 514 1637 556 familiares

159 568 285 609 etiam
315 567 465 631 capitis
507 568 684 609 iusserat
722 566 921 609 damnare
962 568 1208 609 sententian
1268 568 1385 620 Quos
1416 577 1557 610 tamen
1586 571 1637 610 ad

157 638 248 664 sese
291 623 456 663 rediens
501 622 580 663 1100
624 630 749 677 pacto
794 623 1046 678 requirebat,
1095 630 1141 664 ut
1177 623 1257 663 nisi
1303 638 1408 679 quos
1448 624 1638 679 iugulare

155 679 335 719 iusserat
372 677 668 730 redderentur,
713 678 804 733 pari
834 679 916 733 ipsi
955 680 1027 734 qui
1056 678 1134 719 hoc
1174 678 1398 721 effecerant
1435 682 1636 721 sententia

156 733 467 775 damnarentur.
516 733 611 774 Hoc
632 734 761 788 igitur
790 741 947 775 terrore
977 748 1081 790 quos
1103 734 1302 776 damnare
1332 742 1524 787 lusserat,
1557 750 1638 776 ser-

156 787 376 830 vabantur.
437 788 521 830 sed
562 804 657 829 cum
697 789 777 830 hoc
819 790 960 845 sepius
1001 797 1041 831 et
1078 791 1230 831 iterum
1268 789 1425 831 Basilio
1470 790 1637 843 faceret,

156 844 397 886 huiusmodi
418 859 442 884 a
463 845 543 885 sibi
564 845 906 900 obsequentibus,
938 860 1012 900 pro
1043 845 1174 897 nefas,
1206 846 1372 901 accepit
1393 846 1612 886 consilium
1632 862 1639 886 :

156 899 232 941 ‘Ne
261 900 367 941 forte
397 901 543 941 insana
572 901 683 955 regis
713 901 841 940 iussio
872 900 1097 956 aliquando
1129 916 1183 941 ex
1213 901 1419 942 industria
1448 908 1532 943 ate
1553 916 1637 942 non

154 954 440 1009 diligentibus,
471 956 598 995 immo
631 955 727 995 odio
749 954 1010 1008 habentibus,
1043 955 1278 1010 impleatur,
1310 971 1406 997 eum
1428 964 1472 998 tu
1497 957 1638 1011 potius

154 1010 349 1062 occidito,
382 1017 508 1066 atque
538 1010 772 1065 imperialia
811 1017 976 1065 sceptra
1005 1010 1230 1065 suscipito’.
1291 1011 1416 1062 Quod
1453 1013 1540 1052 sine
1579 1012 1637 1052 di-

153 1064 319 1117 latione,
352 1081 448 1106 cum
479 1074 634 1107 terrore
665 1064 919 1119 compulsus,
964 1072 1052 1106 tum
1093 1073 1132 1106 et
1170 1066 1375 1120 regnandi
1407 1067 1635 1121 cupiditate

154 1120 369 1176 deceptus,
401 1120 670 1176 complevit2.
716 1121 813 1161 Hoc
842 1122 984 1176 itaque
1006 1121 1236 1173 interfecto,
1267 1122 1401 1162 factus
1423 1129 1484 1163 est
1504 1123 1635 1178 impe·
1697 1138 1761 1164 ssi.

150 1182 265 1217 rator
293 1175 486 1217 Basilius.
1650 1176 1792 1208 Sem-23·

262 1233 358 1273 *1st
403 1232 598 1286 Denique
643 1246 776 1286 parvo
806 1238 1018 1272 transacto
1048 1238 1252 1286 tempore,
1298 1231 1395 1272 huic
1441 1232 1781 1280 dominusiwu.

151 1292 295 1328 noster
323 1287 442 1328 Iesus
474 1287 666 1328 Christus
706 1302 782 1342 per
817 1287 1020 1328 visionem
1060 1288 1272 1342 apparuit,
1313 1287 1472 1328 domini
1510 1287 1633 1328 huius
1649 1279 1811 1304 ’ωδ-912·

151 1343 430 1398 imperatoris,
462 1343 580 1383 cuius
610 1343 677 1383 hic
698 1343 812 1383 necis
833 1350 979 1383 auctor
1000 1343 1207 1396 extiterat,
1238 1342 1455 1384 dexteram
1476 1350 1633 1396 tenens,

151 1413 333 1454 eumque
374 1399 431 1440 ita
467 1399 742 1439 conveniens:
776 1399 854 1439 ‘iret
895 1400 934 1439 τί
972 1398 1144 1454 ἔσφαζες
1183 1399 1256 1439 τὸν
1294 1399 1528 1450 &onosma
1560 1412 1634 1440 001·

152 1454 355 1509 βοισιλεαῖ>
393 1455 496 1495 inati
533 1454 686 1494 esfases
717 1459 789 1494 ton
820 1454 1014 1508 despotin
1045 1469 1093 1494 su
1122 1453 1301 1505 basilea',
1332 1454 1443 1508 quod
1465 1461 1545 1495 est:
1579 1458 1636 1495 ‘ut

151 1509 254 1564 quid
291 1509 537 1551 interfecisti
578 1509 795 1550 dominum
833 1515 951 1550 tuum
991 1510 1359 1564 imperatorem'ss‘?
1416 1510 1635 1564 Exporge-

151 1565 289 1607 factus
319 1566 474 1620 itaque,
515 1565 621 1605 tanti
652 1580 695 1606 se
725 1579 844 1606 reum
875 1565 994 1606 novit
1034 1580 1125 1606 esse
1161 1573 1323 1617 reatus,
1366 1579 1551 1620 moxque
1581 1564 1635 1605 ad

153 1635 243 1662 sese
274 1621 452 1668 rediens,
484 1620 583 1676 quid
615 1635 742 1675 super
770 1620 850 1660 hoc
880 1620 1048 1672 faceret,
1080 1621 1303 1675 cogitabat.
1364 1620 1633 1661 Confortatus

152 1676 292 1731 itaque
323 1676 401 1717 hac
432 1676 590 1716 domini
619 1676 750 1716 nostri
779 1690 854 1730 per
889 1675 1137 1731 prophetam
1177 1675 1333 1717 salubri
1372 1682 1412 1716 et
1440 1690 1538 1717 vere
1567 1690 1634 1716 ac-

151 1731 353 1786 ceptabili
383 1732 679 1786 promissione,
705 1731 803 1786 quia
833 1732 889 1770 ‘in
920 1746 1186 1786 quacumque
1217 1730 1284 1772 die
1304 1738 1501 1785 peccator
1521 1731 1634 1785 inge·
1689 1746 1725 1773 cf.

151 1787 316 1839 muerit,
349 1786 488 1827 salvus
520 1787 620 1836 erit',
653 1801 749 1826 011111
776 1785 959 1826 lacrimis
981 1793 1022 1827 et
1042 1786 1269 1840 gemitibus
1292 1801 1334 1827 se
1356 1785 1761 1849 peccatorem,}3²0⁰1¹{‚·

151 1856 196 1883 se
229 1857 361 1893 reum,
393 1857 436 1883 se
468 1842 686 1896 sanguinis
715 1842 950 1883 innocentis
980 1842 1201 1882 effusorem
1233 1856 1324 1882 esse
1345 1841 1634 1882 confitebatur.
1693 1841 1700 1849 ⁸
1745 1842 1768 1849 ”’

150 1897 270 1939 Bono
301 1904 442 1939 autem
473 1897 647 1938 consilio
678 1904 867 1952 accepto,
898 1897 1054 1937 amicos
1086 1895 1165 1937 sibi
1197 1896 1248 1937 de
1270 1911 1465 1937 mamona
1486 1897 1634 1952 iniqui·
1654 1912 1726 1938 Luc.
1752 1912 1796 1945 16,
1819 1911 1845 1937 9.

149 1954 246 1995 tatis
268 1954 475 2004 effecerat,
506 1960 551 1994 ut
572 1967 677 2008 quos
698 1952 766 1993 1110
788 1951 1091 2008 temporalibus
1115 1951 1312 1993 subsidiis
1334 1951 1633 2004 consolaretur,

150 2023 297 2050 eorum
341 2009 538 2064 precibus
582 2008 634 2050 ab
678 2014 848 2049 aeterno
893 2007 1083 2063 gehenne
1132 2007 1326 2048 incendio
1375 2007 1633 2049 liberaretur.

149 2063 395 2106 Fabricavit
423 2071 564 2105 autem
598 2065 790 2119 precioso
821 2070 862 2105 et
892 2062 1073 2103 mirabili
1109 2077 1235 2118 opere
1275 2063 1383 2104 iusta
1420 2062 1632 2117 palatium,

150 2120 353 2162 orientem
383 2135 540 2171 versus,
577 2119 824 2161 aecclesiam
856 2133 983 2175 quam
1013 2118 1147 2171 Nean,
1184 2118 1263 2159 hoc
1284 2125 1346 2159 est
1365 2133 1533 2170 novam,
1563 2132 1633 2158 vo-

150 2183 260 2228 cant,
290 2176 334 2216 in
354 2175 541 2217 honoi·e¹’
564 2176 717 2216 summi
738 2182 780 2216 et
800 2174 962 2216 celestis
984 2173 1131 2215 militie
1151 2175 1370 2230 principis,
1392 2172 1633 2228 archangeli

149 2230 412 2281 Michahelis,
445 2232 516 2286 qui
548 2230 684 2271 Grece
715 2230 1027 2284 archistratigos
1063 2229 1305 2284 apellatur⁴.

264 2289 327 2327 11.
372 2286 495 2327 Nunc
525 2293 665 2327 autem
695 2300 780 2326 non
803 2287 948 2340 pigeat
966 2284 1152 2326 libellulo
1174 2285 1271 2325 huic
1291 2300 1356 2326 res
1378 2284 1494 2335 duas,
1528 2298 1630 2339 quas
1647 2299 1699 2332 (3.)

148 2342 337 2383 eiusdem
379 2341 524 2383 Basilii
564 2341 692 2393 filius,
728 2349 983 2382 memoratus
1021 2340 1108 2381 Leo
1147 2341 1377 2396 imperator
1414 2346 1630 2393 augustus,

148 2467 178 2500 a)
203 2476 248 2494 uu
270 2477 297 2500 tt¹
317 2470 448 2504 εσφαζες
470 2476 518 2494 τον
541 2468 590 2499 ὗες
611 2469 711 2493 (lesum
733 2468 759 2494 5.
784 2469 838 2494 5a.
860 2468 990 2502 εσφαζες
1012 2468 1083 2491 deest
1107 2468 1134 2492 3.
1158 2467 1210 2491 321.
1233 2470 1281 2491 etc.
1372 2466 1400 2496 b)
1425 2466 1580 2490 hononore
1605 2465 1630 2489 l.

150 2572 188 2616 1)
207 2573 262 2606 Ad
288 2574 400 2606 solam
419 2574 673 2615 temulentiam,
702 2584 771 2616 qua
789 2574 931 2615 saepius
950 2583 1137 2615 oppressus
1155 2572 1270 2612 fuerit,
1292 2571 1479 2612 Byzantini
1497 2569 1632 2601 Micha-

149 2623 214 2655 elis
248 2623 406 2654 facinora
439 2627 619 2655 revocant.
785 2621 819 2661 2)
848 2621 902 2653 Of.
929 2622 1113 2652 Hincmari
1145 2631 1225 2652 ann.
1263 2619 1330 2650 869
1359 2618 1438 2660 (SS.
1467 2619 1496 2658 1,
1523 2616 1630 2659 485):

149 2670 304 2703 Basilius
325 2695 333 2703 .
356 2695 363 2702 .
384 2671 545 2703 eumdem
572 2669 785 2702 Michaelem
814 2669 894 2702 dolo
928 2670 1106 2701 interfecit
1133 2674 1166 2700 et
1192 2669 1375 2710 imperium
1402 2667 1468 2698 sibi
1495 2667 1631 2698 ascivit.

150 2720 187 2760 3)
215 2718 374 2751 Similem
409 2721 580 2752 visionem
614 2719 720 2751 refert
755 2718 944 2760 Gregorius
979 2719 1015 2749 in
1050 2718 1122 2748 vita
1155 2716 1279 2749 Basilii
1306 2714 1517 2758 (Scriptores
1554 2719 1632 2756 post

148 2768 400 2810 Theophanem
436 2769 491 2800 ed.
518 2769 628 2800 Paris.
656 2779 690 2810 p.
717 2765 816 2807 394).
969 2765 1007 2807 4)
1037 2765 1090 2797 Cf.
1125 2766 1168 2796 de
1203 2765 1269 2796 hae
1306 2763 1460 2795 eeclesia
1488 2763 1632 2795 Genesii

148 2826 271 2858 regum
289 2816 313 2848 l.
332 2816 394 2856 IV,
420 2828 454 2859 p.
477 2817 542 2848 113
565 2816 620 2848 ed.
647 2816 865 2853 Lachmann,
892 2814 1143 2856 Theophanem
1172 2814 1301 2845 contin.
1320 2812 1362 2851 V,
1384 2821 1413 2844 c.
1435 2811 1489 2850 76,
1508 2822 1542 2854 p.
1561 2810 1630 2842 319

147 2864 205 2897 ed.
234 2865 387 2897 Bekker.
