1853 3209
128 333 203 358 910?

149 1047 199 1081 (3.)

33 1088 201 1114 904—906,

216 207 261 237 30
434 204 737 237 LIUDPRANDI
763 204 1104 237 ANTAPODOSIS.
1156 204 1251 235 LIB.
1279 204 1327 236 II.
1381 203 1486 235 5—6.

215 316 376 356 victum
406 330 496 357 esse
527 315 722 364 miratur,
761 314 893 369 fitque
922 312 981 353 illi
1010 328 1095 354 non
1125 314 1318 369 opinatus
1356 314 1527 368 gravior
1557 327 1692 354 casus.

219 371 395 412 Videres
434 371 630 425 equidem
668 369 807 418 saltus,
845 383 981 423 agros,
1021 370 1181 423 passim
1217 369 1491 410 cadaveribus
1529 374 1693 421 stratos,

216 428 329 468 rivos
366 432 406 467 et
446 426 621 466 flumina
661 425 865 478 sanguine
904 425 1116 479 permixta
1153 424 1325 475 rubere,
1370 431 1470 465 tunc
1507 424 1695 464 hinnitus

217 497 385 537 equum,
430 481 687 535 clangorque
726 479 937 531 tubarum,
980 478 1187 532 fugientes
1231 480 1357 520 etiam
1399 486 1527 535 atque
1569 480 1695 520 etiam

216 544 383 586 terrere,
413 541 715 591 persequentes
744 535 880 588 magis
910 534 1128 588 magisque
1158 533 1326 575 hortari.

326 594 365 633 τ’).
411 591 622 645 Hungarii
642 596 834 644 preterea
853 595 1070 643 compotes
1089 589 1202 630 votia
1232 590 1296 629 sui
1327 589 1476 640 effecti,
1508 588 1697 630 christia-

215 661 366 687 norum
396 646 475 687 hac
505 653 590 686 tam
619 644 838 685 inmensab
870 658 973 684 nece
1002 644 1199 698 propriae
1229 659 1314 685 non
1352 645 1593 686 satisfecere
1629 659 1698 685 ne-

218 703 404 757 quiciae,
457 701 531 743 sed
574 701 735 741 rabiem
782 707 829 741 ut
871 699 1073 754 perfidiae
1117 699 1334 750 satiarent,
1379 700 1698 754 Bagoariorum,

219 758 468 808 Suevorum,
508 757 784 807 Francorum,
826 754 1043 795 Saxonum
1083 755 1224 795 omnia
1262 754 1531 809 deflagrando
1568 768 1700 809 regna

216 818 477 867 percurrunt.
535 811 625 852 Nec
656 811 877 865 quisquam
909 816 1008 863 erat,
1041 811 1114 865 qui
1143 809 1293 850 horum
1322 810 1588 864 presentiam,
1618 809 1700 850 nisi

215 866 360 908 labore
403 881 488 907 non
532 880 663 921 parvo
708 872 911 906 naturave
965 865 1257 905 munitissimis
1307 864 1606 920 prestolaretur
1656 865 1699 905 in

215 922 357 974 loeis1‚
401 922 622 977 factusque
667 927 728 963 est
771 936 848 976 per
877 920 1098 962 nonnullos
1128 919 1312 976 populus
1342 920 1410 962 hic
1453 919 1700 962 tributarius

216 992 348 1018 annos
360 985 387 1018 ².

329 1034 394 1074 6ss
438 1032 579 1073 Huius
615 1040 806 1087 tempore
844 1031 1100 1073 Adelbertus
1140 1031 1312 1087 quidam
1324 1039 1353 1084 3,
1398 1045 1483 1072 non
1527 1029 1703 1086 quilibet

217 1088 291 1130 sed
321 1103 500 1142 magnus
530 1087 599 1128 ille
629 1087 764 1140 heros,
796 1087 1049 1128 simultatem
1079 1101 1164 1127 non
1194 1087 1404 1128 modicam
1434 1087 1477 1126 in
1500 1085 1701 1127 castellod

215 1142 423 1185 vocabulo
452 1142 724 1197 Bavemberg
755 1150 901 1183 contra
930 1158 1019 1184 rem
1049 1142 1267 1198 puplicam
1297 1141 1534 1184 exercebat.
1591 1141 1702 1196 Sepe

217 1200 371 1241 etenim
427 1214 505 1240 rex
552 1198 815 1239 Hulodoicus
868 1199 1134 1253 congregatis
1191 1198 1385 1239 omnibus
1433 1211 1560 1252 super
1607 1211 1703 1237 eum

216 1256 408 1296 irruerat.
479 1254 560 1296 Cui
598 1254 838 1295 nominatus
875 1253 998 1295 heros
1036 1268 1121 1294 non
1159 1254 1279 1294 iuxta
1318 1252 1549 1305 castellum,
1593 1257 1640 1292 ut
1678 1265 1705 1292 a

217 1310 432 1366 plerisque
472 1308 637 1362 assolet,
679 1309 754 1350 sed
791 1308 938 1364 procul
972 1324 998 1350 a
1026 1309 1259 1350 munitione
1293 1314 1494 1364 preparat
1528 1306 1702 1349 bellum.

215 1366 346 1419 Regis
369 1366 524 1407 etenim
544 1364 697 1406 milites
717 1365 962 1419 priusquam
984 1380 1028 1406 re
1058 1366 1151 1419 ipsa
1179 1364 1303 1405 huius
1334 1364 1549 1405 audatiam
1578 1363 1704 1403 mira·

215 1428 371 1474 rentur,
401 1435 546 1475 regem
566 1426 790 1475 preeuntes
811 1435 978 1475 pugnae
1005 1419 1199 1475 proludio
1228 1420 1339 1460 hunc
1369 1426 1490 1460 extra
1519 1425 1703 1460 castrum

215 1475 373 1517 illicere
404 1482 531 1531 atque
561 1475 797 1517 interficere
836 1475 1091 1529 cogitabant.
1142 1474 1396 1516 Adelbertus
1426 1476 1568 1529 itaque
1607 1488 1702 1529 pro-

215 1531 319 1572 ludii
349 1531 591 1572 huiusmodi
617 1545 702 1571 non
739 1529 874 1571 solum
910 1546 1080 1585 gnarus,
1122 1545 1269 1572 verum
1309 1531 1434 1571 etiam
1471 1530 1698 1582 debriatus,

217 1587 386 1629 obviam
426 1587 489 1627 his
526 1593 614 1627 tam
651 1585 776 1640 longe
815 1600 840 1625 a
880 1592 1017 1627 castro
1057 1592 1335 1641 processerat,
1380 1593 1427 1626 ut
1465 1600 1551 1627 non
1588 1584 1701 1626 htmc

215 1642 370 1684 milites
415 1657 601 1697 eousque
646 1657 700 1683 ex
745 1641 996 1683 adversariis
1044 1657 1134 1684 esse
1187 1647 1508 1696 cognoscerent,
1562 1640 1702 1696 quoad

216 1713 361 1740 eorum
405 1697 644 1739 cervicibus
683 1698 803 1738 istius
845 1712 992 1738 mucro
1033 1697 1175 1739 caedis
1215 1698 1436 1753 inpaciens
1481 1697 1702 1748 deseviret,

215 1755 350 1809 Igitur
389 1769 485 1794 cum
525 1754 744 1808 septennio
782 1753 942 1794 ferme*
979 1752 1234 1794 Adelbertus
1270 1752 1392 1794 heros
1431 1751 1703 1794 rebellionem

215 1809 457 1850 huiusmodi
503 1814 733 1861 exerceret,
779 1809 915 1850 sciens
944 1808 1208 1849 Hulodoicus
1241 1809 1362 1849 istius
1391 1808 1559 1849 audatie
1587 1807 1701 1848 forti-

214 1865 403 1906 tudinem
433 1864 763 1919 haudquaquam
794 1878 837 1904 se
867 1864 949 1905 nisi
985 1865 1333 1919 tergiversatione
1365 1863 1548 1919 quadam
1577 1877 1702 1918 posse

216 1921 454 1973 devincere,
483 1920 714 1961 Hattonem
734 1920 1004 1973 Magontinae
1025 1920 1135 1961 sedis
1155 1920 1524 1975 archiepiscopum
1537 1926 1566 1972 ⁵,
1598 1918 1702 1974 quid

215 1976 295 2018 sibi
327 1991 453 2031 super
481 1975 560 2016 hac
590 1991 635 2017 re
664 1975 908 2016 faciendum
945 1981 1067 2027 esset,
1110 1974 1332 2017 consuluit.
1391 1975 1487 2028 Qui,
1526 1980 1574 2015 ut
1612 1981 1702 2016 erat

215 2032 401 2073 versutie
430 2030 612 2087 pollens:
655 2030 851 2083 ‘Desine',
883 2031 958 2083 ait,
1005 2035 1096 2085 ‘ego
1126 2037 1166 2072 te
1197 2045 1393 2073 securum
1421 2031 1473 2072 iis
1504 2029 1701 2072 sollicitu-

216 2087 386 2128 dinibus
415 2085 603 2128 reddam.
663 2086 770 2140 Ego,
808 2092 855 2127 ut
882 2092 966 2128 tete
1003 2087 1214 2139 adveniat,
1254 2086 1508 2142 provideb03
1551 2091 1611 2139 tn,
1647 2100 1701 2127 ne

214 2143 371 2196 redeat,
411 2141 581 2183 curato’.
648 2141 780 2183 Hatto
818 2142 961 2198 itaque
995 2143 1125 2182 animi
1164 2142 1430 2194 confidentia,
1477 2156 1560 2197 qua
1597 2155 1700 2182 non-

215 2198 350 2239 nullas
380 2212 447 2239 res
477 2213 531 2239 ex
551 2197 780 2238 infortunio
802 2197 1009 2239 secundas
1031 2197 1239 2251 effecerat,
1270 2198 1491 2250 animatus,
1522 2197 1700 2238 Bavem-

215 2254 348 2308 berg⁶
382 2254 501 2309 quasi
530 2252 811 2295 Adelbertum
840 2254 945 2294 adiit
975 2268 1271 2309 conpassurus.
1339 2252 1420 2294 Cui
1450 2260 1490 2295 et
1519 2253 1594 2294 ait:
1640 2251 1701 2293 ‘Si

216 2316 258 2351 et
285 2323 368 2350 non
408 2308 532 2350 aliam
562 2309 693 2350 vitam
733 2316 875 2364 preter
903 2310 1128 2351 instantem
1159 2316 1342 2365 puta-res,
1377 2316 1518 2350 tamen
1547 2308 1699 2349 iniuste

216 2447 246 2479 a)
268 2448 331 2473 voti
354 2456 406 2474 om.
431 2450 444 2472 1
470 2454 494 2474 c.
518 2448 581 2472 voti
603 2448 650 2472 sui
672 2448 700 2473 5.
722 2448 773 2473 5a.
796 2446 864 2473 5a'.
946 2446 975 2479 a)
998 2447 1095 2472 inffisa
1119 2448 1144 2472 1.
1216 2446 1243 2480 c)
1265 2450 1350 2478 caput
1371 2447 1420 2472 hoc
1442 2449 1529 2472 totum
1550 2446 1648 2472 ezcidic
1669 2446 1700 2471 in

216 2487 357 2512 codicibus
379 2487 405 2512 3.
488 2485 517 2519 d)
542 2486 677 2511 calstello
702 2488 727 2511 1.

219 2590 254 2633 1)
294 2592 348 2624 Cf.
393 2602 423 2624 c.
471 2591 527 2624 15.
570 2593 628 2626 43.
863 2591 901 2625 2]
944 2592 1031 2624 Erat
1073 2593 1131 2624 hic
1176 2590 1439 2634 Liudprandus,
1484 2601 1562 2623 cum
1605 2600 1697 2623 anno

217 2641 357 2673 demum
385 2641 455 2672 9⁵24
481 2640 672 2673 Heinricus
699 2641 790 2673 Saxo
818 2640 1011 2682 Hungariis
1034 2641 1200 2673 tributum
1226 2651 1288 2683 pro
1315 2650 1404 2683 pace
1431 2639 1603 2671 firmanda
1621 2649 1700 2682 pro-

216 2690 360 2730 miserit,
389 2689 432 2722 cf.
459 2689 550 2721 infra
577 2700 606 2723 c.
635 2689 692 2722 24.
792 2687 830 2731 3)
857 2688 970 2722 Filius
996 2689 1158 2722 Heinrici
1185 2689 1323 2721 comitis
1349 2688 1407 2720 vel
1434 2687 1533 2720 ducis
1555 2687 1699 2720 Austra-

217 2739 356 2770 siorum.
505 2738 540 2778 4)
578 2738 816 2779 Quadriennio
849 2739 979 2781 potius.
1128 2738 1165 2779 5)
1202 2737 1393 2770 Hattonem
1421 2733 1698 2778 1(891—913).

218 2784 254 2827 6)
283 2787 360 2818 Non
396 2786 667 2829 Babenbergae,
701 2786 764 2819 sed
799 2788 846 2818 ‘in
875 2790 988 2819 castro
1017 2786 1110 2829 quod
1143 2786 1292 2818 Terassa
1319 2785 1456 2818 dicitur’
1482 2784 1697 2817 Adalbertus

216 2834 381 2867 obsessus
408 2839 472 2867 est.
