1878 3201
272 223 338 254 132
560 223 862 255 LIUDPRANDI
889 222 1117 255 HISTORIA
1144 224 1357 257 OTTONIS.
1411 225 1465 255 14.

186 352 252 380 963.
267 335 380 376 ricus
423 334 692 376 Treverensis
743 333 1130 388 archiepiscopusl,
1182 335 1234 376 ab
1278 334 1433 375 Emilia
1484 342 1523 376 et
1565 335 1740 389 Liguria

268 390 397 433 Wido
434 390 697 441 Mutinensis,
737 389 853 430 Gezo
883 389 1194 441 Tertonensis2,
1235 389 1420 444 Sigulfus
1450 390 1740 443 Placentinus3

109 462 185 488 Nov.
208 460 254 485 22.
270 461 449 503 quorum
470 446 644 488 consilio
665 445 819 485 domno
840 458 977 500 papae
996 445 1054 484 ita
1074 445 1339 487 rescribuntz‘
1363 447 1537 487 Summo
1553 446 1743 501 pontifici

269 510 311 545 et
344 501 574 544 universali
608 514 745 556 papae
783 500 936 540 domno
976 498 1165 553 Iohanni,
1206 500 1306 542 Otto
1343 501 1510 543 divinae
1548 509 1743 557 respectu

268 558 512 600 clementiae
541 557 770 611 imperator
798 561 1016 609 augustUS,
1048 555 1123 596 sed
1150 562 1191 596 et
1211 563 1354 598 sancta
1374 557 1559 612 synodus
1580 557 1741 598 Romae

269 614 336 655 dei
366 614 418 655 ob
449 612 666 654 servitium
696 617 960 665 congregata,
1000 611 1043 650 in
1078 610 1247 652 domino
1286 611 1476 653 salutem.
1532 613 1738 654 Preterita

270 669 452 725 synodo,
492 682 600 723 quae
638 666 846 708 celebrata
884 671 946 707 est
974 666 1093 707 VIII.
1132 667 1232 707 Idus
1270 667 1543 719 Novembris,
1584 668 1743 710 litteras

267 725 389 767 vobis
432 723 676 774 direximus,
719 723 763 762 in
803 721 955 777 quibus
999 729 1291 763 accusatorum
1333 730 1569 764 vestrorum
1611 723 1742 765 verba

267 788 394 836 atque
434 778 713 820 accusationis
751 791 902 818 causae
941 776 1248 819 detinebantur.
1314 778 1576 833 Rogavimus
1615 780 1743 820 etiam

268 836 426 877 eisdem
455 835 584 875 literis
613 832 948 887 magnitudinem
975 839 1170 887 vestram,
1201 833 1557 889 quemadmodum
1587 836 1742 876 iustum

269 898 344 944 est,
379 891 588 931 Romam³
617 889 760 930 venire
791 903 919 944 seque
960 904 1013 930 ex
1049 889 1113 930 his
1145 904 1251 944 quae
1282 890 1519 931 obiciuntur
1546 905 1741 945 purgare.

267 946 522 1002 Recepimus
551 951 692 986 autem
721 944 880 986 litteras
910 959 935 984 a
963 943 1096 998 vobis,
1127 959 1211 985 non
1242 945 1385 1000 quales
1416 945 1614 1001 temporis
1641 960 1741 1001 qua-

267 1002 374 1054 litas,
406 1001 481 1042 sed
509 999 842 1042 inconsultorum
877 1000 1095 1041 hominum
1131 1001 1294 1042 vanitas
1333 1001 1590 1056 expoposcit.
1647 1001 1744 1042 Non

265 1057 463 1099 veniendi
505 1056 559 1097 ad
604 1055 832 1111 synodum,
876 1055 1143 1097 racionabilis
1187 1071 1277 1098 esse
1322 1057 1538 1098 excusatio
1584 1056 1740 1098 debuit.

267 1113 352 1155 Sed
373 1121 413 1155 ct
432 1119 646 1168 presentes
676 1111 977 1167 magnitudinis
1006 1119 1169 1154 vestrae
1199 1111 1435 1154 debuerunt
1462 1113 1599 1153 nuntii
1619 1113 1742 1154 inter-

267 1185 370 1222 esse,
412 1169 485 1224 qui
514 1174 588 1208 aut
618 1167 866 1223 egritudinis
903 1173 977 1208 aut
1006 1173 1144 1209 certae
1182 1168 1437 1209 difficultatis
1468 1182 1596 1209 causa
1624 1168 1741 1209 satis-

265 1225 450 1267 facerent
494 1231 682 1265 sanctam
725 1238 800 1264 vos
844 1223 1054 1278 synodum
1106 1223 1350 1265 declinasse.
1423 1224 1500 1265 Est
1543 1231 1584 1265 et
1627 1223 1742 1265 aliud

266 1281 416 1322 vestris
445 1281 489 1320 in
517 1279 664 1321 litteris
686 1280 902 1334 scriptum,
935 1279 1049 1334 quod
1073 1294 1158 1321 non
1179 1280 1423 1334 episcopum
1445 1279 1518 1321 sed
1537 1279 1742 1334 puerilem

265 1337 469 1391 ineptiam
500 1335 682 1376 scribere
712 1335 889 1376 deceret.
948 1335 1359 1376 Excommunicastis
1398 1335 1552 1376 etenim
1582 1349 1741 1387 omnes,

266 1399 314 1433 ut
340 1391 543 1433 haberent
568 1389 781 1431 licentiam
802 1390 980 1432 canendi
1000 1392 1162 1443 missas,
1194 1390 1412 1431 ordinandi
1435 1390 1742 1431 ecclesiasticas

267 1447 575 1503 dispositiones,
607 1446 642 1485 si
671 1445 800 1486 alium
834 1446 1048 1487 Romanae
1086 1446 1173 1487 sedi
1205 1447 1551 1487 constitueremus
1582 1447 1742 1501 episco-

265 1518 381 1558 pum.
428 1502 493 1544 Ita
513 1502 625 1543 enim
647 1502 850 1556 scriptum
871 1510 978 1542 erat:
1022 1501 1118 1542 Non
1138 1500 1327 1543 habeatis
1349 1500 1562 1542 licentiam
1581 1499 1742 1542 nullum

267 1558 473 1599 ordinare.
545 1557 670 1598 Nunc
706 1572 841 1612 usque
879 1558 1140 1612 putavimus,
1180 1558 1308 1598 immo
1340 1572 1439 1598 vere
1475 1556 1742 1610 credidimus,

266 1614 350 1656 duo
380 1613 604 1669 negativab
635 1628 766 1653 unum
796 1612 932 1654 facere
963 1613 1259 1666 dedicativum,
1290 1613 1371 1654 nisi
1396 1620 1536 1654 vestra
1565 1613 1742 1654 auctori-

266 1678 330 1711 tas
374 1671 611 1726 priscorum
662 1669 888 1710 sententias
932 1669 1164 1710 infirmaret
1205 1675 1438 1710 auctorum.
1510 1668 1597 1709 Nos
1641 1683 1740 1710 vero

266 1726 489 1767 intentioni
509 1732 685 1777 vestrae,
715 1739 799 1765 non
820 1725 972 1778 verbis,
1003 1725 1343 1780 respondeamus.
1393 1724 1439 1766 Si
1459 1724 1514 1766 ad
1534 1724 1743 1780 synodum

266 1782 409 1824 venire
446 1789 486 1823 et
526 1781 688 1822 obiecta
726 1794 909 1836 purgare
949 1795 1033 1821 non
1073 1781 1259 1834 differtis,
1301 1781 1541 1822 auctoritati
1579 1787 1742 1822 vestrae

266 1837 412 1892 procul
452 1836 579 1878 dubio
619 1836 850 1877 obedimus.
911 1835 996 1878 Sed
1036 1837 1082 1889 si,
1125 1836 1238 1891 quod
1267 1837 1388 1889 absit,
1429 1836 1571 1878 venire
1601 1844 1642 1878 et
1672 1835 1742 1877 ob-

266 1895 373 1935 iecta
403 1893 524 1934 vobis
556 1891 752 1947 capitalia
783 1892 957 1932 crimina
993 1906 1176 1947 purgare
1207 1892 1491 1943 dissimulatis,
1522 1907 1619 1932 cum
1648 1906 1742 1948 pre-

268 1950 411 1991 sertim
440 1963 518 1989 vos
548 1947 652 1988 nihil
688 1948 829 1989 venire
868 1948 1083 2002 impediat,
1121 1962 1205 1988 non
1240 1948 1366 1988 maris
1394 1947 1620 2003 navigatio,
1658 1962 1742 1988 non

269 2005 458 2060 corporis
481 2003 687 2058 egritudo,
708 2004 867 2045 itineris
887 2003 1120 2058 longitudo,
1142 2011 1243 2045 tunc
1263 2003 1743 2046 excommunicationem

267 2067 449 2102 vestram
474 2059 842 2115 parvipendemus,
873 2074 1050 2115 eamque
1071 2060 1211 2114 potius
1231 2060 1275 2099 in
1293 2074 1368 2100 vos
1388 2058 1740 2115 retorquebimus,

268 2117 467 2172 quoniam
494 2114 665 2170 quidem
685 2116 793 2157 iuste
814 2115 954 2157 facere
974 2130 1212 2171 possumus.
1253 2114 1392 2168 Iudas,
1425 2115 1584 2155 domini
1611 2115 1741 2156 nostri

266 2172 365 2213 Iesu
409 2171 566 2213 Christi
608 2171 815 2226 proditor,
860 2171 988 2211 immo
1032 2171 1242 2224 venditor,
1292 2185 1388 2212 cum
1433 2171 1580 2213 ceteris
1623 2171 1742 2226 prius

265 2227 425 2282 ligandi
454 2235 580 2283 atque
611 2225 799 2268 solvendi
828 2235 1078 2282 potestatem
1109 2241 1133 2267 a
1163 2228 1364 2281 magistro
1401 2227 1443 2267 in
1480 2226 1583 2267 haec
1613 2226 1742 2268 verba

147 2301 251 2326 Matth.
265 2290 506 2339 acceperat:
550 2281 688 2324 Amen
717 2283 811 2324 dico
841 2281 976 2336 vobis,
1038 2297 1297 2338 uaecumque
1323 2281 1593 2337 alligaveritis
1616 2297 1741 2338 super

139 2341 184 2374 13²
207 2341 251 2367 ¹3·
267 2347 433 2392 terram,
469 2338 622 2394 ligata⁰
659 2346 779 2380 erunt
817 2345 857 2380 et
895 2340 937 2379 in
975 2298 1086 2391 celis,
1128 2346 1169 2380 et
1204 2353 1495 2395 quaecumque
1533 2337 1737 2380 solveritis

267 2411 393 2451 super
418 2402 584 2447 terram,
614 2400 736 2436 erunt
765 2393 900 2435 soluta
929 2401 970 2436 et
998 2395 1041 2434 in
1072 2394 1181 2447 celis.
1238 2394 1451 2446 Quamdiu
1472 2395 1584 2435 enim
1603 2394 1739 2435 bonus

267 2453 374 2493 inter
419 2450 726 2505 condiscipulos
766 2450 856 2502 fuit,
896 2449 1028 2504 ligare
1067 2457 1193 2505 atque
1233 2449 1393 2491 solvere
1431 2449 1583 2501 valuit3
1627 2456 1739 2505 post-

267 2522 393 2562 quam
423 2520 522 2548 vero
544 2506 786 2561 cupiditatis
809 2506 964 2546 causad
995 2505 1205 2546 homicida
1225 2506 1371 2559 factus,
1402 2506 1531 2547 vitam
1553 2505 1739 2545 omnium

267 2563 454 2604 occidere
498 2561 642 2615 voluit,
687 2577 812 2617 quem
849 2568 996 2616 postea
1031 2561 1207 2615 ligatum
1247 2561 1405 2602 solvere
1444 2567 1517 2602 aut
1555 2559 1739 2602 solutum

266 2617 396 2673 ligare
426 2618 576 2674 potuit,
605 2618 686 2658 nisi
717 2632 759 2659 se
790 2618 942 2673 ipsum,
974 2632 1099 2672 quem
1129 2617 1413 2658 infelicissimo
1434 2616 1584 2672 laqueo
1606 2623 1737 2658 stran-

268 2720 295 2744 a>
319 2716 354 2741 R,
377 2723 404 2739 v.
428 2723 452 2740 s.
475 2722 500 2741 e.
523 2715 551 2740 h.
574 2722 601 2745 q.
626 2721 652 2739 ο.
676 2722 704 2745 p.
727 2714 762 2740 R.
783 2722 808 2740 a.
832 2714 851 2740 l.
873 2714 972 2738 desunt
995 2714 1048 2739 5a.
1079 2712 1143 2739 5a‘.
1232 2713 1261 2745 b)
1286 2714 1388 2744 gatiua
1413 2715 1437 2737 1.
1528 2712 1554 2744 c)
1578 2714 1596 2738 1.
1619 2720 1645 2739 e.
1666 2715 1696 2738 et
1717 2713 1735 2738 i.

268 2762 281 2777 s·
316 2758 344 2779 et
366 2763 393 2785 q,
416 2762 439 2780 s.
463 2762 484 2779 s.
509 2756 528 2778 t.
553 2761 578 2779 e.
601 2762 624 2778 s.
648 2756 677 2779 ct
698 2754 717 2778 i.
742 2761 766 2779 c.
790 2754 889 2778 (lesum
912 2754 964 2779 5a.
989 2752 1053 2778 5:1⁸.
1134 2754 1163 2784 d)
1187 2754 1258 2778 deest
1281 2754 1333 2777 511.
1355 2760 1473 2777 veneno
1497 2751 1561 2777 ὅθ’.

269 2816 304 2856 1)
333 2817 398 2855 Qui
424 2818 459 2848 in
486 2817 553 2848 hac
581 2817 804 2859 expeditione
832 2817 917 2850 obiit
944 2827 974 2849 a.
1004 2817 1074 2848 964
1102 2817 1158 2849 die
1186 2817 1218 2849 3.
1247 2815 1329 2849 Iulii
1356 2827 1465 2849 mens.
1552 2814 1589 2857 2)
1617 2816 1685 2856 Qui
1711 2826 1729 2848 e

267 2865 505 2907 Giseprandus
530 2870 685 2898 vocatur.
