1853 3209
0 1132 7 1141 '
20 1134 174 1160 articulus

37 1451 44 1460 ⁸
60 1454 79 1479 i.
93 1460 117 1479 e.
131 1454 172 1478 in.

0 1490 5 1500 ³
18 1493 174 1519 articulus

120 1860 172 1894 (L)

108 1901 172 1927 924.

21 1940 110 1966 Mart.
129 1941 174 1969 12.

198 195 241 226 56
403 193 702 226 LIUDPRANDI
730 195 1074 227 ANTAPODOSIS.
1126 195 1220 227 LIB.
1246 195 1313 227 111.
1368 195 1471 227 1-3.

422 303 642 345 INCIPIT
671 304 848 345 LIBER
877 304 1129 347 'PEROIUS
1159 304 1371 347 BIBLOS
1404 309 1445 346 Γ.

308 398 342 436 1.
404 394 558 450 Operis
606 395 731 436 huius
776 394 955 448 titulum,
1000 404 1120 451 pater
1163 397 1436 450 sanctissime,
1488 399 1586 438 satis
1635 404 1676 440 te

194 451 336 491 mirari
380 465 465 491 non
509 449 692 505 ambigo.
758 450 835 490 Ais
878 451 1005 491 forte:
1064 451 1173 493 Cum
1217 452 1405 493 virorum
1450 452 1675 494 illustrium

193 514 312 548 actus
358 506 569 558 exhibeat,
609 520 683 546 cur
722 506 1033 558 Ανταπόδοσης,
1078 507 1359 562 antapodosis,
1401 509 1439 549 ei
1479 509 1678 550 inseritur

192 561 368 604 titulus‘?
416 561 484 601 Ad
517 561 630 616 quod
659 561 945 616 respondeoa:
981 561 1163 602 Intentio
1194 562 1314 603 huius
1346 564 1483 618 operis
1513 564 1566 605 ad
1596 565 1676 605 hoc

192 617 375 672 respicit,
406 623 452 657 ut
482 616 729 671 Berengarii
758 616 894 669 huius,
935 617 1006 672 qui
1036 632 1148 657 nunc
1186 618 1230 657 in
1258 617 1379 659 Italia
1414 633 1498 660 non
1526 626 1676 675 regnat

193 672 265 714 sed
296 674 516 726 tyranizat,
547 678 673 728 atque
703 673 849 713 uxoris
881 673 969 713 eius
1001 671 1155 713 Willae
1199 688 1305 728 quae
1342 674 1395 715 ob
1435 675 1675 716 inmensita-

191 734 275 769 tem
307 727 541 782 tyrannidis
573 727 759 769 secunda
778 726 957 780 Iezabel,
989 734 1029 769 et
1050 728 1102 769 ob
1123 729 1366 783 rapinarum
1386 730 1675 772 insacietatem

191 783 343 823 Lamia
370 784 542 838 proprio
580 782 786 838 apellatur
815 782 1036 836 vocabulo,
1073 790 1190 824 actus
1228 783 1429 838 designet,
1469 786 1675 838 ostendat,

192 845 232 880 et
263 838 458 880 clamitet.
517 839 654 879 Tanta
682 840 794 880 enim
824 838 1133 880 mendatiorum
1171 839 1320 893 iacula,
1358 846 1473 881 tanta
1509 842 1675 896 rapina·

191 908 284 935 rum
315 893 548 950 dispendia,
579 900 695 935 tanta
724 895 952 949 impietatis
991 893 1207 935 molimina
1243 896 1287 935 in
1324 910 1391 936 me
1431 903 1472 938 et
1501 895 1674 937 domum

191 963 342 1002 meam,
373 951 669 1005 cognationem
701 958 741 991 et
761 949 974 1003 familiam,
1004 951 1134 1004 gratis
1156 965 1395 1004 exercuere,
1418 959 1577 1007 quanta
1596 967 1676 994 1160

192 1004 338 1060 lingua
368 1005 555 1061 proferre
585 1020 664 1046 nec
696 1005 881 1046 calamus
912 1005 1100 1061 prevalet
1129 1005 1325 1048 scribere.
1372 1006 1436 1048 Sit
1465 1007 1594 1063 igitur
1614 1008 1675 1049 eis

191 1075 365 1116 presens
396 1063 553 1116 pagina
582 1061 865 1117 antapodosis,
896 1062 977 1102 hoc
1008 1068 1070 1103 est
1097 1062 1330 1115 retributio,
1371 1062 1470 1103 dum
1500 1077 1577 1118 pro
1608 1078 1675 1104 ca-

190 1117 450 1159 lamitatibus
494 1117 598 1158 meis
642 1119 734 1169 τήν*
776 1117 970 1172 ἂσεβεῐαν
1012 1119 1197 1169 asevian,
1242 1118 1285 1158 id
1329 1125 1391 1159 est
1429 1120 1673 1174 inpietatem

191 1187 349 1225 eorum,
381 1173 646 1228 presentibus
687 1173 922 1229 futurisque
960 1172 1206 1214 mortalibus
1247 1173 1528 1215 denudavero.
1587 1174 1676 1216 Nec

190 1229 328 1268 minus
373 1230 498 1269 etiam
536 1229 810 1270 sanctissimis
851 1234 892 1270 et
929 1229 1150 1270 fortunatis
1180 1229 1282 1270 viris
1320 1244 1395 1284 pro
1438 1229 1601 1272 collatis
1631 1231 1675 1270 in

190 1298 258 1324 me
288 1283 506 1325 beneficiis
536 1284 809 1339 antapodosis
840 1285 930 1325 erit.
989 1284 1058 1324 Ex
1088 1285 1328 1325 memoratis
1359 1299 1459 1326 sane
1489 1293 1562 1328 aut
1590 1301 1676 1327 me-

190 1339 404 1380 morandis
432 1339 571 1381 nullus
601 1340 813 1381 invenitur
850 1348 923 1381 aut
960 1354 1092 1393 rarus,
1130 1339 1210 1381 hoc
1247 1355 1345 1394 11110,
1384 1341 1673 1396 Berengariob

191 1394 349 1436 scilicet
379 1396 509 1450 impio
547 1402 713 1451 exeptO,
753 1410 932 1451 quorum
968 1409 1053 1435 non
1092 1395 1311 1437 beneficiis
1350 1397 1561 1451 genitores
1602 1405 1676 1439 aut

189 1451 356 1506 genitus
398 1451 669 1493 vehementer
712 1450 1031 1506 gratularemur.
1103 1451 1302 1506 Denique
1347 1451 1462 1507 quod
1505 1454 1565 1494 εν*
1604 1455 1675 1504 τη*

190 1508 427 1559 εχμαλοσία,
459 1521 510 1548 611
540 1507 570 1547 11
602 1505 868 1559 echmalosia,
900 1506 979 1547 hoc
1010 1513 1072 1547 est
1107 1507 1150 1546 in
1181 1507 1423 1562 captivitate
1454 1522 1529 1549 seu
1558 1523 1675 1563 pere-

189 1563 436 1616 grinatione,
468 1561 678 1604 libellulus
710 1562 779 1603 hic
810 1563 1072 1616 conscriptus
1104 1561 1281 1614 dicatur,
1312 1577 1484 1618 presens
1514 1564 1676 1605 indicat

191 1617 397 1659 exulatus
458 1618 619 1673 Ceptus
660 1619 818 1674 quippe
857 1618 900 1658 in
942 1618 978 1658 F
980 1617 1321 1671 rankenenvurd,
1365 1619 1438 1674 qui
1483 1625 1545 1660 est
1584 1620 1674 1660 XX

190 1673 381 1714 miliariis
411 1673 528 1714 locus
558 1674 778 1728 Magontia
807 1673 979 1727 distans,
1018 1674 1061 1713 in
1091 1673 1214 1714 Paxu
1243 1673 1418 1727 insula1,
1450 1676 1675 1730 nongentis

191 1736 231 1770 et
261 1744 311 1771 eo
341 1728 521 1785 amplius
544 1729 951 1785 Constantinopolim
981 1728 1171 1770 miliariis
1193 1729 1365 1783 distans,
1397 1745 1530 1787 usque
1552 1731 1676 1773 hodie

191 1792 401 1826 exaratur.
462 1784 546 1826 Sed
575 1786 798 1826 redeamus
830 1785 884 1826 ad
913 1800 1015 1826 rem.

301 1854 338 1894 2.
398 1853 513 1907 Rege
552 1853 809 1908 Berengario
856 1852 1052 1894 defuncto
1098 1860 1224 1909 atque
1265 1853 1438 1895 absente
1478 1853 1673 1907 Rodulfo,

190 1908 510 1963 Hungariorum
560 1909 698 1950 rabies
744 1908 919 1951 Salardo
968 1910 1154 1964 preduce
1203 1917 1334 1952 totam
1383 1924 1458 1964 per
1506 1909 1673 1951 Italiam

190 1963 401 2017 dilatatur,
431 1963 536 2005 adeo
568 1971 615 2006 ut
654 1979 797 2005 muros
826 1964 1046 2020 Papiensis
1088 1965 1267 2006 cixdtatis
1298 1965 1407 2006 vallo
1440 1965 1673 2007 circumda-

189 2028 294 2071 rent,
325 2034 374 2061 ac
404 2019 554 2060 defixis
584 2035 661 2075 per
690 2021 830 2075 girum
860 2021 1063 2073 tentoriis,
1105 2021 1288 2063 exeundi
1318 2021 1479 2062 aditum
1510 2020 1676 2062 civibus

188 2074 474 2130 prohiberent.
549 2075 634 2128 Qui
678 2091 774 2117 cum
818 2075 881 2117 his
926 2076 1087 2117 viribus
1131 2092 1214 2118 non
1259 2077 1451 2118 resistere
1489 2083 1675 2133 possent,

188 2131 373 2186 peccatis
404 2132 755 2186 promerentibus,
785 2146 862 2172 nec
893 2146 1065 2174 munere
1095 2131 1292 2174 mulcent.

218 2199 255 2240 3.
303 2198 453 2240 Clarus
484 2199 537 2241 ab
568 2200 707 2240 intuso
738 2198 961 2241 discedens
992 2200 1128 2242 sidere
1158 2200 1379 2242 PhoebusC
1501 2201 1672 2242 Versus.

301 2255 476 2295 Zodiaci
506 2255 688 2310 primum
720 2254 840 2296 solito
873 2255 1156 2298 conscendere
1188 2256 1301 2297 sidus

300 2311 465 2365 Incipit,
497 2317 537 2352 et
565 2310 726 2365 gelidas
758 2311 987 2353 dissolvere
1019 2311 1122 2353 colle
1153 2312 1327 2367 pruinas
1339 2319 1367 2364 ²,

299 2366 456 2407 Aeolus
487 2372 613 2422 atque
643 2381 742 2408 suos
772 2367 894 2408 binos
925 2368 990 2409 bis
1022 2368 1185 2408 mittere
1216 2367 1351 2419 flatus,

245 2434 264 2465 5
299 2422 571 2477 Ungrorumd
601 2421 831 2463 furibunda
860 2437 1009 2463 manus
1041 2437 1137 2463 cum
1167 2422 1323 2477 gaudet
1352 2423 1395 2462 in
1426 2421 1574 2463 urbem

300 2477 490 2519 Flatibus
521 2476 679 2518 Aeoliis
710 2477 854 2519 adiuta
883 2478 1101 2520 infundere
1131 2477 1335 2519 flammas.

302 2532 531 2588 Spiritibus
563 2532 714 2574 validis
744 2547 902 2589 parvus
935 2534 1184 2576 diffunditur
1214 2534 1341 2589 ignis,

188 2652 215 2684 a)
250 2654 420 2685 respendeo
454 2655 479 2680 1.
562 2652 592 2685 b)
626 2654 759 2686 berenga
796 2656 820 2680 1.
914 2654 937 2687 0)
971 2655 1085 2686 poebus
1121 2657 1145 2682 1.
1240 2653 1268 2686 d)
1302 2654 1344 2678 hic
1376 2661 1471 2678 versus
1503 2658 1526 2679 e!
1557 2661 1677 2686 sequen-s·

188 2693 286 2717 desunt
310 2694 334 2718 3.

191 2778 226 2821 1)
253 2780 281 2811 A
309 2779 454 2812 meridie
491 2780 684 2824 Corcyrae,
716 2782 751 2813 in
776 2781 877 2815 litore
906 2782 1015 2825 Epiri.
1118 2780 1155 2823 2)
1188 2781 1294 2823 Verg.
1330 2782 1458 2823 Georg.
1499 2782 1547 2820 ΙΙ,
1584 2781 1674 2813 263:

188 2827 399 2871 gelidaeque
427 2831 586 2871 pruinae.
