1772 3184
247 255 546 288 LIUDPRANDI
572 255 914 290 ANTAPODOSIS.
965 259 1058 291 LIB.
1085 259 1114 291 Ι.
1166 260 1272 291 3-5,
1485 263 1505 294 5

30 379 196 421 quaque
226 364 490 420 perlustrant.
548 364 811 407 Accersitum
849 381 975 421 quam
1011 367 1151 422 plures
1182 369 1224 408 in
1255 369 1505 424 Hispaniam
1521 385 1590 411 888.

27 421 197 461 nuntios
229 419 427 473 dirigunt,
458 418 598 460 locum
627 419 812 473 laudant,
843 422 1089 477 vicinasque
1119 430 1265 477 gentes
1295 424 1437 465 nichili
1463 440 1506 466 se
1541 430 1565 448 ⁰·

27 475 182 516 habere
231 475 489 530 promittunt.
563 474 743 516 Centum
793 476 973 532 denique
1023 478 1313 519 tantummodo
1364 494 1507 520 secum

27 537 153 570 moxa
177 530 407 572 Saracenos
428 529 644 583 reducunt,
669 532 741 586 qui
762 547 905 573 veram
928 533 987 573 rei
1008 532 1132 573 huius
1155 540 1355 589 caperent
1375 549 1507 576 asscr-

25 586 196 626 tionem.

4 676 9 680 ,
137 642 175 681 4.
218 640 384 681 Interea
422 640 772 694 Provincialium,
811 657 890 698 que
930 641 1010 683 illis
1050 657 1155 696 gens
1194 651 1282 685 erat
1316 645 1504 695 vicinior,

0 695 184 742 1invidia
214 696 326 750 cepit
355 696 464 736 inter
494 710 584 738 sese
614 696 828 749 dissidere,
864 696 970 738 alius
1009 697 1137 739 alium
1168 699 1371 754 iugulare,
1410 699 1506 741 sub-

25 751 221 792 stantiam
249 765 411 805 rapere,
443 758 482 792 et
514 753 715 808 quicquid
750 752 849 793 mali
884 754 1117 806 excogitari
1153 760 1318 809 poterat
1353 755 1505 796 faeere.

27 805 111 848 Sed
142 807 241 861 quia
270 821 367 862 pars
398 814 573 862 partein,
605 815 652 848 ut
680 808 842 848 invidia
872 814 913 849 et
943 808 1062 849 dolor
1091 809 1363 864 postularant,
1407 811 1507 851 satis

24 860 106 902 sibi
148 863 285 903 facere
329 877 414 902 non
458 868 666 917 poterant,
702 863 777 904 hos
816 878 921 919 quos
957 864 1220 919 prediximus
1259 864 1505 918 Saracenos,

22 931 108 958 non
136 917 276 957 minus
307 916 478 958 callidos
509 932 635 973 quam
665 918 862 973 perfidos,
900 920 943 960 in
973 919 1178 961 auxilium
1216 928 1355 975 rogatg
1393 936 1506 961 cum-

24 986 105 1027 que
150 973 213 1013 his
258 987 342 1012 una
384 973 627 1027 proximum
678 975 867 1015 conterit.
943 975 1033 1015 Nec
1077 976 1195 1016 iuvat
1244 975 1506 1016 solummodo

22 1028 265 1083 proximum
296 1028 519 1080 trucidare,
551 1043 697 1069 verum
719 1036 873 1070 terram
894 1030 1152 1071 fructiferam
1174 1031 1217 1070 in
1238 1030 1506 1072 solitudinem

22 1082 210 1124 reddere.
284 1082 370 1124 Sed
414 1082 646 1135 videamus,
722 1083 795 1124 uid
838 1084 974 1125 iusta1
1021 1085 1253 1126 secundum
1295 1086 1505 1141 quendam

22 1138 227 1194 profuerit
255 1137 427 1190 invidia,
460 1153 586 1192 quam
616 1139 674 1179 ita
693 1098 946 1180 (describens
976 1141 1087 1180 ait2:

190 1193 358 1234 ‘Iustius
388 1193 550 1234 invidia
577 1193 706 1234 nichil
736 1200 810 1247 est,
842 1209 948 1249 quae
978 1196 1169 1250 protinus
1199 1196 1339 1250 ipsum

298 1250 528 1290 Auctorem
559 1249 669 1290 rodit
698 1251 999 1306 excruciatque
1028 1252 1240 1291 animum'.

22 1305 142 1356 Quae
173 1303 275 1344 dum
305 1303 501 1359 decipere
532 1312 719 1357 conatur,
751 1305 980 1359 decipitur3
1013 1305 1113 1347 dum
1144 1307 1394 1361 extinguere
1419 1321 1505 1347 mo-

20 1358 138 1412 litur,
183 1359 455 1413 extinguitur.
529 1359 643 1411 Quid
686 1360 873 1415 igitur?
935 1361 1135 1403 Saraceni
1171 1376 1267 1402 cum
1308 1362 1394 1402 suis
1425 1362 1651 1407 hoo-pam.

19 1414 180 1456 viribus
210 1415 383 1456 minime
414 1422 598 1470 possent,
630 1415 804 1457 alteram
833 1415 1004 1457 alterius
1034 1416 1191 1457 auxilio
1213 1419 1343 1472 partis
1366 1416 1505 1458 debel—

17 1469 164 1523 lantes,
205 1484 387 1525 suasque
428 1472 572 1526 copias
609 1486 663 1512 ex
693 1472 903 1526 Hispania
943 1487 1109 1526 semper
1145 1479 1360 1527 augenteS,
1398 1487 1504 1528 quos

18 1526 155 1581 primo
187 1525 410 1567 defendere
439 1525 693 1568 videbantur
721 1527 857 1567 modis
889 1527 1086 1568 omnibus
1116 1528 1371 1568 insecuntur.
1433 1528 1505 1569 Se-

19 1582 141 1621 17111111
168 1582 324 1636 itaque,
356 1582 648 1633 exterminant,
678 1581 735 1622 nil
765 1581 916 1637 reliqui
946 1582 1116 1624 faciunt.
1161 1583 1391 1637 Trepidare
1420 1584 1505 1624 iam

18 1637 186 1677 vicinae
208 1644 396 1678 caeterae
417 1643 577 1691 gentes,
610 1638 809 1692 quoniam
832 1637 1064 1678 secundum
1085 1638 1333 1693 prophetam
1354 1637 1505 1679 horum
1519 1656 1714 1689 De¹.1t.32‚30.

18 1706 126 1732 unus
155 1692 489 1777 persequebatur
518 1691 642 1743 mille,
672 1700 713 1741 et
743 1692 826 1733 duo
856 1693 1054 1747 fugarunt
1084 1693 1229 1734 decem
1260 1693 1387 1733 milia.
1446 1694 1503 1735 Et

18 1761 171 1802 quare.
237 1747 348 1799 Quia
391 1746 495 1788 deus
539 1762 638 1788 suus
677 1747 867 1788 vendidit
906 1763 977 1789 eos
1019 1755 1059 1789 et
1099 1748 1295 1789 dominus
1336 1748 1502 1790 conclu-

17 1803 70 1844 sit
98 1801 202 1843 illos.

127 1857 166 1898 5.
210 1857 305 1898 Hac
337 1858 480 1912 itaque
516 1864 764 1912 tempestate
794 1857 882 1898 Leo
913 1858 1316 1913 Porphyrogenitus,
1356 1859 1501 1900 Basilii
1518 1862 1570 1896 (2.)

16 1913 283 1969 imperatoris
320 1912 453 1962 filius,
499 1912 764 1955 Constantini
802 1912 926 1954 huius
961 1920 1082 1968 pater
1118 1915 1189 1969 qui
1226 1929 1336 1955 nunc
1367 1929 1500 1969 usque
1515 1933 1678 1959 sse-912.

17 1976 208 2024 superest
251 1975 292 2010 et
334 1968 510 2010 feliciter
557 1976 754 2023 regnatss,
806 1968 1269 2024 Constantinopolitane
1318 1970 1499 2011 civitatis

16 2023 192 2079 regebat
220 2025 457 2079 imperium.
519 2023 692 2065 Simeon
720 2024 838 2065 fortis
875 2024 1051 2066 bellator
1079 2024 1290 2080 Bulgariis
1321 2033 1498 2080 preerat,
1515 2044 1678 2070 ssa-927.

17 2080 262 2132 cristianus,
304 2080 378 2121 sed.
413 2080 564 2120 vicinis
605 2079 755 2121 Grecis
784 2079 906 2121 valde
943 2081 1150 2121 inimicus.
1214 2081 1498 2135 Ungariorum

14 2150 131 2191 gens,
162 2136 282 2175 cuius
315 2149 458 2176 omnes
479 2149 612 2190 poene
633 2135 824 2176 nationes
846 2143 1020 2191 experte
1044 2142 1141 2176 sunt
1162 2137 1364 2188 sevitiam,
1392 2151 1499 2190 quae

15 2192 239 2232 miserante
269 2190 348 2231 deo
379 2191 659 2231 sanctissimib
681 2196 806 2247 atque
827 2191 1090 2232 invictissimi
1109 2193 1220 2246 regis
1243 2191 1498 2233 OTTONIS

14 2247 215 2302 potentia,
247 2253 292 2287 ut
311 2245 434 2286 latius
456 2246 610 2287 dicturi
631 2261 787 2298 sumus,
809 2247 986 2288 mutirec
1007 2261 1091 2287 non
1112 2246 1240 2288 audet
1259 2249 1459 2288 exterrita
1470 2255 1497 2300 ⁴,
1513 2259 1710 2291 cf.10s.10‚21.

14 2302 136 2343 nobis
168 2301 362 2342 omnibus
393 2308 493 2342 tunc
522 2303 723 2357 temporis
746 2301 1004 2343 habebat1u·d
1024 2303 1180 2358 ignota.
1231 2302 1498 2353 Quibusdam

14 2371 196 2413 namque
227 2355 486 2398 difficillimis
526 2364 717 2412 separata
752 2372 777 2398 a
806 2356 928 2398 nobis
968 2365 1057 2399 erat
1092 2358 1496 2412 interpositionibus,

16 2427 119 2468 quas
150 2412 315 2453 clusase
345 2413 535 2454 nominat
562 2412 729 2467 vulgus,
759 2419 806 2454 ut
834 2427 970 2468 neque
991 2413 1045 2453 ad
1064 2412 1339 2454 meridianam
1360 2427 1496 2467 neque

15 2467 70 2509 ad
100 2467 403 2510 occidentalem
440 2467 609 2523 plagam
649 2468 833 2509 exeundi
869 2467 1063 2510 habuerit
1101 2468 1356 2510 facultatem.
1414 2469 1496 2509 Per

16 2592 46 2625 a)
69 2594 159 2625 opido
181 2601 256 2620 corr.
278 2601 347 2619 mox
372 2596 398 2619 1.
421 2595 533 2626 oppido
555 2595 632 2619 codd.
657 2595 683 2620 3.
754 2593 784 2626 b)
808 2595 977 2619 sanctisimi
996 2596 1019 2618 1.
1089 2594 1116 2625 e)
1140 2595 1264 2619 mun-ire
1284 2596 1308 2626 1,
1331 2594 1451 2619 mittere
1467 2593 1493 2623 3,

15 2634 136 2658 muttire
159 2632 185 2665 5,
208 2634 329 2658 muttire
350 2641 424 2658 corr.
447 2634 556 2658 mutire
579 2634 632 2658 53..
727 2633 756 2665 d)
779 2633 947 2658 hababatur
975 2641 1048 2658 corr.
1071 2633 1240 2658 habebatur
1264 2635 1287 2658 1.
1382 2631 1410 2664 e)
1435 2632 1494 2657 clu-

16 2678 101 2697 suras
123 2674 155 2703 13
177 2672 226 2696 secl
248 2671 327 2704 infra
351 2680 416 2704 cap.
441 2673 486 2698 13.
510 2673 619 2697 clusas,

17 2777 53 2819 1)
80 2784 103 2809 i.
131 2785 160 2810 e,
184 2779 294 2810 iuxta.
408 2778 445 2819 2)
472 2779 525 2810 Ex
551 2779 757 2820 Hieronymi
785 2788 838 2820 ep.
867 2777 912 2809 ad
940 2777 1085 2810 Galatas
1111 2777 1153 2808 L.
1182 2778 1249 2816 ΙΙΙ,
1277 2787 1306 2808 c.
1336 2776 1356 2807 5
1383 2776 1492 2819 (Opp.

16 2826 72 2858 ed.
97 2825 293 2859 Vallarsius
319 2826 400 2866 VII,
437 2825 534 2868 508).
700 2825 737 2867 3)
765 2826 863 2858 Obiit
889 2836 920 2857 a.
949 2826 1032 2857 959.
1195 2824 1233 2865 4)
1260 2825 1418 2866 Pugnam
1447 2825 1491 2857 ad

14 2874 139 2907 Licum
166 2874 309 2906 fluvium
336 2885 367 2907 a.
395 2875 464 2906 955
494 2876 715 2908 commissam
744 2874 840 2906 dicit.
