1853 3209
322 215 366 245 68
510 215 812 247 LIUDPRANDI
839 214 1185 248 ANTAPODOSIS.
1236 215 1331 247 LIB.
1360 215 1430 245 III.
1481 214 1638 245 32—35.

235 336 374 367 919.οΧ
404 325 611 366 industria
641 340 665 365 a
695 333 735 366 te
765 339 851 365 non
881 323 1177 379 diligentibus,
1215 326 1344 366 immo
1381 325 1506 366 hodio
1543 324 1810 379 habentibus,

318 381 563 436 impleatur,
604 395 700 421 eum
736 387 782 420 tu
819 380 958 435 potius
990 380 1189 432 occidito,
1220 389 1346 436 atque
1376 380 1612 436 imperialia
1643 388 1808 436 sceptra
1836 396 1839 399 ·

320 437 522 492 suscipito
534 444 564 476 ³.
628 435 753 487 Quod
785 436 873 476 sine
894 434 1106 488 dilatione,
1136 450 1232 476 cum
1252 443 1411 477 terrore
1434 435 1690 491 compulsus,
1718 443 1809 478 tum

318 492 524 547 regnandi
555 490 786 546 cupiditate
817 490 1040 545 deceptus,
1082 490 1320 546 complevit.
1378 491 1475 533 Hoc
1512 493 1655 547 itaque
1684 493 1810 534 inter-

319 547 444 600 fecto,
475 547 611 587 factus
642 553 705 587 est
739 546 967 601 imperator
996 545 1194 587 Basilius.

432 604 497 643 33.
543 602 742 656 Denique
782 615 914 657 parvo
957 608 1173 643 transacto
1216 608 1424 657 tempore,
1468 602 1565 643 huic
1609 603 1807 644 dominus

318 664 461 700 noster
497 658 616 699 Iesus
648 656 840 699 Christus
871 673 947 712 per
984 659 1192 699 visionem
1231 658 1444 713 apparuit,
1486 657 1644 699 domini
1684 658 1808 700 huius

318 714 583 769 imperatoris
632 713 873 766 dexteram,
923 715 1043 754 cuius
1091 713 1159 754 hic
1208 715 1324 754 necis
1372 721 1519 754 auctor
1567 714 1764 756 extiterat
1776 715 1810 767 ¹³,

319 777 487 822 tenens,
529 784 711 824 eumque
750 770 810 810 ita
847 770 1118 810 conveniens:
1150 768 1313 822 ‘Basili,
1349 778 1396 810 ut
1433 769 1534 825 quid
1563 769 1812 812 interfecisti

321 825 539 866 dominum
575 831 697 865 tuum
734 824 846 866 hunc
883 824 1160 865 Michahelem
1198 825 1495 880 imperatorem
1504 824 1535 865 ‘?'
1593 826 1811 880 Experge-

319 880 457 921 factus
495 881 658 936 itaque,
698 881 804 921 tanti
841 895 885 921 se
920 895 1039 921 reum
1079 881 1199 921 novit
1237 896 1328 922 esse
1357 886 1510 933 reatus,
1540 895 1726 936 moxque
1755 881 1810 922 ad

321 951 411 978 sese
441 936 621 989 rediens,
653 936 767 991 quod
797 951 922 991 super
950 935 1032 978 hoc
1060 936 1227 988 faceret,
1260 936 1487 991 cogitabat.

172 1013 181 1021 -
195 1021 224 1045 p,
239 1013 305 1040 310,
432 994 448 1008 *
461 992 527 1033 34.
560 992 830 1034 Oonfortatus
849 993 992 1047 itaque
1012 992 1092 1032 hac
1113 992 1272 1033 domini
1287 1007 1364 1047 per
1383 991 1631 1047 prophetam
1653 991 1811 1033 salubri

192 1053 362 1089 Ezeeh-et
391 1063 487 1089 vere
516 1047 765 1103 acceptabili
795 1048 1084 1103 promissione,
1117 1048 1315 1104 quoniam
1347 1053 1356 1072 ζ
1387 1049 1430 1088 in
1452 1062 1720 1103 quacumque
1743 1047 1810 1089 die

187 1092 233 1125 33'
258 1092 305 1119 ¹²·
320 1110 521 1159 peccator
550 1104 820 1159 ingemuerit,
861 1103 1001 1145 salvus
1032 1105 1133 1157 erit',
1171 1118 1268 1144 cum
1297 1103 1481 1145 lacrimis
1512 1111 1553 1145 et
1580 1103 1810 1159 gemitibus
1844 1117 1847 1127 ¹

322 1175 366 1200 se
397 1167 677 1214 peccatorem,
709 1174 753 1201 se
784 1160 1000 1215 sanguinis
1030 1160 1263 1201 innocentis
1295 1160 1517 1201 effusorem
1549 1174 1653 1212 esse,
1684 1159 1810 1200 confi-

319 1216 498 1257 tebatur.
576 1216 696 1257 Bono
753 1222 895 1256 autem
953 1215 1125 1257 consilio
1175 1222 1372 1270 accepto,
1422 1216 1580 1256 amicos
1631 1215 1711 1256 sibi
1758 1214 1810 1257 de

107 1276 180 1303 Luc·
206 1277 250 1309 16,
275 1276 302 1303 9·
319 1285 517 1312 mamona
546 1272 779 1327 iniquitatis
809 1271 1015 1324 effecerat,
1057 1278 1104 1313 ut
1135 1286 1240 1327 quos
1283 1272 1350 1312 hie
1380 1269 1682 1326 temporalibus
1714 1271 1810 1313 sub-

320 1327 435 1368 sidiis
467 1326 766 1374 consolaretur,
804 1341 949 1368 eorum
989 1328 1191 1382 precibus
1222 1327 1275 1369 ab
1305 1334 1474 1368 aeterno
1504 1326 1721 1382 gehennae
1750 1326 1811 1367 in-

321 1382 469 1424 cendio
509 1382 768 1424 liberaretur.
836 1383 1080 1424 Fabricavit
1122 1390 1265 1423 autem
1308 1383 1499 1437 precioso
1545 1389 1586 1424 et
1628 1381 1811 1423 mirabili

321 1453 447 1493 opere
477 1438 598 1479 iuxta
627 1437 831 1493 palatium
863 1439 1064 1479 orientem
1096 1453 1241 1479 versus
1272 1437 1492 1479 ecclesiam
1527 1439 1571 1478 in
1606 1438 1810 1479 honorem

320 1494 475 1534 summi
513 1501 554 1535 et
594 1493 758 1535 celestis
800 1494 973 1535 militiae
1013 1494 1246 1549 principis⁰
1285 1501 1325 1534 et
1368 1492 1613 1548 archangeli
1649 1492 1810 1534 Micha-

319 1549 438 1601 helis,
471 1550 544 1605 qui
574 1565 700 1605 grece
721 1549 1050 1603 archistratigos,
1080 1549 1161 1590 hoc
1182 1556 1246 1590 est
1266 1548 1447 1590 miliciae
1476 1550 1673 1605 princeps
1700 1548 1812 1604 apel-

318 1605 441 1647 latur.
499 1605 738 1647 Ecclesiam
775 1613 918 1647 autem
957 1607 1094 1661 ipsam
1130 1619 1259 1658 nean,
1304 1605 1386 1646 hoc
1425 1613 1487 1647 est
1523 1619 1700 1658 novam,
1739 1604 1811 1646 alii

319 1668 493 1713 vocant,
534 1661 604 1702 alii
643 1677 743 1703 vero
785 1676 964 1714 ennean,
1007 1661 1121 1717 quod
1163 1667 1306 1702 nostra
1347 1660 1492 1716 lingua
1531 1659 1810 1703 novennalem

322 1724 464 1769 sonat,
505 1716 705 1773 apellant,
747 1732 795 1759 eo
837 1717 950 1773 quod
989 1717 1147 1759 ibidem
1191 1716 1573 1759 aeclesiastiearum
1610 1716 1810 1758 horarum

322 1773 517 1814 machina
546 1788 700 1814 novem
730 1772 897 1828 pulsata
925 1772 1077 1814 ictibus
1111 1780 1244 1815 sonet.

255 1852 309 1884 (a)
432 1830 500 1869 35.
547 1829 744 1870 Secundo
781 1830 925 1885 itaque
966 1844 1049 1884 quo
1080 1830 1293 1870 Romanos
1331 1836 1452 1884 pater
1489 1827 1683 1870 vasilleos
1714 1843 1810 1870 con-

320 1885 491 1926 stitutus
529 1892 592 1927 est
621 1899 731 1926 anno
762 1890 1016 1926 convocatos
1046 1885 1101 1925 ad
1131 1900 1223 1926 sese
1263 1885 1476 1940 principes
1506 1885 1565 1925 ita
1595 1885 1810 1926 convenit:

321 1941 524 1982 ‘Romane
569 1940 785 1996 dignitatis
841 1941 1082 1993 archontes,
1126 1940 1169 1982 id
1214 1948 1277 1982 est
1321 1941 1556 1995 principes,
1611 1942 1811 1996 quoniam

320 1996 440 2038 vobis
472 1996 673 2038 consultis
702 2011 789 2037 non
818 1996 967 2049 solum,
997 1997 1184 2052 inquam,
1215 2004 1335 2052 pater
1363 1996 1558 2038 vasilleos
1589 2011 1683 2037 sum
1714 2010 1811 2038 con-

321 2053 503 2105 stitutus,
534 2067 682 2093 verum
713 2053 840 2094 etiam
871 2053 1127 2094 sanctissimi
1165 2053 1432 2108 imperatoris
1469 2051 1661 2093 fidelitati
1693 2051 1810 2107 glau-

321 2109 439 2163 copis
467 2107 676 2161 Helenae,
717 2109 761 2150 id
800 2115 863 2150 est
891 2109 1047 2150 virides
1080 2108 1223 2150 oculos
1258 2107 1473 2161 habentis,
1513 2109 1811 2150 coniunctione

321 2164 511 2215 sotiatus,
542 2163 622 2205 hoc
651 2164 793 2220 aliquo
824 2164 1053 2220 imperialis
1085 2171 1256 2206 ornatus
1284 2164 1434 2206 inditio
1466 2164 1690 2206 monstrari
1720 2164 1810 2220 dig-

319 2234 423 2260 num
453 2235 548 2261 reor
576 2221 620 2261 in
651 2235 842 2276 corpore,
876 2221 989 2276 quod
1019 2219 1256 2262 celebratur
1285 2234 1310 2260 a
1372 2219 1509 2276 opulis
1539 2235 1593 2261 ex
1630 2220 1810 2275 dignita-

320 2276 373 2316 tis
403 2276 597 2317 nomine'.
655 2277 897 2318 Iudicatum
933 2277 1115 2332 denique
1151 2292 1176 2318 a
1217 2236 1375 2332 populo
1408 2277 1710 2332 communique
1740 2275 1811 2317 de-

321 2339 481 2372 cretum
513 2339 576 2373 est
606 2331 803 2385 consilio,
834 2339 881 2373 ut
911 2333 1012 2388 quia
1040 2340 1181 2374 tantae
1212 2332 1430 2387 dignitatis
1460 2339 1570 2386 erat,
1602 2339 1644 2374 et
1670 2331 1811 2373 leuco-

320 2386 464 2439 lenon,
500 2388 545 2429 id
585 2394 647 2429 est
676 2386 773 2429 alba
803 2387 997 2441 brachia,
1039 2388 1232 2429 Helenan
1273 2387 1402 2428 filiam
1439 2402 1559 2429 suam
1599 2386 1810 2443 imperiali

320 2443 525 2498 dignitate
562 2443 799 2499 copularat,
836 2443 1146 2485 rubricatarum
1182 2443 1356 2500 pellium
1396 2443 1562 2499 caligis,
1601 2451 1648 2485 ut
1686 2442 1809 2484 isthic

319 2499 623 2554 imperatorum
668 2500 795 2540 moris
845 2507 927 2552 est,
979 2506 1204 2541 uteretur1.
1272 2498 1358 2541 Sed
1395 2514 1474 2541 nec
1512 2499 1593 2540 hoc
1638 2500 1809 2555 quidem

320 2555 421 2595 satis
451 2555 489 2596 ei
520 2555 656 2596 visum
686 2555 778 2597 fuit.
836 2555 1049 2611 Equidem
1079 2562 1176 2611 post
1206 2556 1330 2596 unius
1360 2555 1460 2595 anni
1490 2556 1669 2608 sinaxin,
1712 2568 1807 2596 cum

319 2660 349 2693 a)
383 2662 410 2685 2⁴71
442 2662 492 2685 hac
521 2670 584 2687 voce
613 2664 714 2687 desivit
744 2664 827 2687 codex
855 2663 918 2688 bibl.
951 2664 1104 2688 Caesareae
1139 2663 1292 2687 Vindobov.
1323 2664 1359 2690 N.
1393 2664 1460 2689 400.
1574 2664 1603 2696 b)
1635 2665 1746 2690 extirat
1780 2665 1807 2690 1.

320 2700 347 2732 c)
371 2701 488 2732 prinpis
513 2702 537 2727 1.

322 2799 357 2841 1)
385 2798 427 2832 τὰ
455 2796 665 2845 ἰποδήματα
694 2798 825 2846 (muoso.
852 2797 930 2846 ἤτοι
957 2797 1095 2834 nomm
1122 2803 1260 2844 insigne
1289 2807 1387 2835 erant
1415 2805 1667 2846 imperatorum
1695 2803 1804 2836 Grae-

319 2859 449 2890 corum,
470 2850 513 2881 cf.
535 2850 755 2884 Constantin.
774 2850 817 2883 de
838 2852 958 2884 cei-im.
976 2851 1079 2883 aulae
1098 2851 1247 2893 Byzant.
1266 2851 1283 2882 I
1314 2863 1343 2883 0.
1365 2852 1421 2892 96,
1444 2864 1477 2895 p.
1497 2853 1567 2883 434
1587 2852 1644 2885 ed.
1661 2852 1805 2885 Reiske.
