1902 3200
215 236 514 274 LIUDPRANDI
540 236 885 269 ANTAPODOSIS.
937 237 1029 269 LIB.
1059 238 1086 269 Ι.
1139 239 1292 270 36-39.
1453 242 1495 271 ‘21

19 348 152 388 minui
181 349 392 403 possent¹.
441 346 594 388 Utrum
624 360 723 386 vero
754 360 830 401 pro
861 353 946 386 tam
975 347 1164 387 inmenso
1187 347 1353 398 scelere,
1379 349 1497 390 Hun-

19 403 233 457 gariorum
273 401 432 443 scilicet
477 402 723 452 emissione,
761 401 992 442 seeundum
1041 401 1297 457 prophetans
1336 403 1497 458 duplici

19 458 73 498 sit
101 458 359 498 contricione
388 457 565 509 attritus,
600 471 653 496 an
684 472 738 497 ex
767 457 951 512 presenti
983 456 1192 512 supplicio
1223 472 1495 513 consequerc-
1510 475 1567 500 10r.
1590 477 1695 508 17‚1s.

17 519 85 553 tur
113 512 281 553 veniam
311 513 354 551 in
384 511 538 563 futuro,
570 511 645 552 soli
676 511 784 552 illius
814 513 1011 553 scientiae
1036 512 1309 565 dimittamus,
1340 528 1421 568 quo
1444 513 1494 555 dc

17 566 232 622 apostolus
264 566 390 608 dicit:
431 565 582 607 ‘Nolite
612 573 708 608 ante
738 575 904 622 tempus
943 566 1142 619 iudicare,
1182 567 1315 609 donec
1354 569 1524 610 veniat1
1542 588 1608 613 cor.
1630 588 1656 619 4,
1679 586 1707 612 5.

16 621 223 675 dominus,
255 623 325 677 qui
356 628 397 663 et
424 621 693 662 inluminabit
722 621 968 663 abscondita
997 621 1264 663 tenebrarum
1296 629 1336 664 et
1365 625 1496 664 mani-

15 676 184 719 festabit
214 676 388 718 consilia
418 677 626 729 cordium3
657 684 698 719 et
728 685 826 718 tunc
854 677 946 718 laus
976 678 1054 718 erit
1082 678 1308 733 unicuique
1338 693 1363 718 a
1392 678 1496 720 deo'.

127 733 193 774 37.
237 733 380 774 Iustus
411 733 539 786 igitur
577 733 680 774 deus
719 733 842 773 uxori
871 732 1079 783 XVidonis,
1112 748 1218 789 quae.
1249 734 1347 774 huic
1377 748 1497 788 para-
1513 756 1585 791 (ω)

13 794 132 829 verat
159 794 350 840 mortem,
388 794 509 843 parat
542 788 759 829 viduitatis
790 788 989 830 dolorem.
1050 789 1170 830 Sicut
1207 789 1318 830 enim
1347 789 1497 843 prefati

14 855 171 896 sumus,
210 843 310 883 dum
342 843 586 885 redeuntem
625 842 849 884 Arnulfum
881 844 1009 885 Wido
1049 858 1125 885 rex
1164 859 1186 885 0
1226 845 1403 900 vestigio
1436 860 1496 886 se-

14 904 224 953 queretur,
256 899 366 940 iusta
394 898 572 939 fluvium
603 899 824 941 defunctus
854 906 918 941 est
947 899 1119 940 Tarum.
1171 898 1303 941 Cuius
1335 899 1494 942 obitum
1512 918 1576 945 391.

12 953 299 1008 Berengarius
338 960 384 994 ut
413 954 595 1005 audivit,
638 955 814 996 festinus
853 955 1031 1010 Papiam
1066 955 1192 1007 venit,
1232 970 1495 1011 regnumque

11 1015 205 1064 potenter
234 1009 410 1064 accepit.
469 1008 636 1050 Fideles
675 1024 774 1051 vero
813 1010 1081 1065 fautoresque
1112 1010 1333 1063 Widonis,
1375 1012 1496 1051 veriti

10 1078 63 1105 ne
92 1064 145 1106 ab
176 1064 236 1105 018
268 1063 438 1105 inlatam
468 1064 751 1118 Berengarius
780 1064 1052 1106 ulcisceretur
1080 1065 1289 1118 iniuriam,
1326 1072 1367 1106 et
1398 1067 1497 1121 quia

12 1133 179 1174 semper
197 1118 415 1161 Italienses
435 1120 616 1174 geminis
637 1120 698 1160 uti
719 1119 899 1160 dominis
919 1121 1079 1172 volunt,
1102 1121 1297 1175 quatinus
1318 1120 1496 1162 alterum

9 1173 180 1216 alterius
217 1181 374 1216 terrore
414 1175 664 1216 coherceant
677 1182 704 1228 2,
746 1174 943 1215 XVidonis
982 1176 1094 1230 regis
1125 1175 1311 1217 defuncti
1349 1176 1496 1230 filium,

8 1230 177 1271 nomine
218 1230 505 1283 Lambertum,
544 1230 778 1285 elegantem
815 1231 1036 1283 iuvenem,
1077 1231 1215 1272 adhue
1256 1231 1496 1287 ephoebum

7 1286 216 1341 nimisque
258 1285 523 1337 bellicosum,
569 1300 713 1341 regem
758 1287 1020 1327 constituunt
1032 1293 1060 1327 3.
1139 1286 1264 1342 Cepit
1313 1287 1495 1342 denique

7 1341 120 1382 hunc
151 1340 267 1382 adire
297 1341 493 1397 populus,
524 1340 827 1396 Berengarium
858 1341 1063 1383 deserere.
1115 1341 1309 1397 Cumque
1339 1342 1494 1384 Beren-

7 1397 151 1451 garius
179 1396 420 1449 Lamberto,
450 1411 603 1451 magno
635 1411 732 1437 cum
763 1398 953 1438 exercitu
982 1397 1159 1452 Papiam
1190 1398 1391 1447 tendenti,
1429 1412 1494 1438 co-

6 1452 174 1507 piarum
202 1453 416 1507 paucitate
448 1452 618 1494 obviare
657 1453 861 1508 nequiret,
897 1453 1111 1494 Veronam
1141 1454 1275 1508 petiit,
1314 1454 1493 1509 isticque

6 1521 178 1557 securus
209 1507 355 1562 deguit
366 1515 395 1548 4.
454 1508 549 1547 Non
577 1515 674 1562 post
702 1507 879 1549 multum
900 1523 999 1549 vero
1020 1509 1222 1563 temporis
1242 1507 1493 1550 Lambertus

5 1577 83 1604 rex
104 1577 201 1603 eum
222 1570 329 1604 esset
349 1563 415 1603 vir
436 1577 620 1615 severus,
650 1562 918 1618 principibus
939 1564 1080 1617 gravis
1104 1570 1167 1605 est
1187 1564 1315 1604 visus.
1365 1563 1490 1605 Unde

4 1624 46 1659 et
64 1617 226 1672 legatos
247 1618 461 1659 Veronam
483 1617 680 1671 dirigunt,
702 1633 846 1673 regem
866 1619 1174 1674 Berengarium
1195 1619 1249 1660 ad
1270 1634 1312 1660 se
1334 1621 1490 1672 venire,

5 1673 280 1715 Lamber'tum
310 1688 409 1714 vero
441 1673 649 1728 expellere
679 1680 841 1728 petunt.

116 1730 183 1771 38.
226 1728 533 1783 11.[ε1ἓ;111111·0(1118
564 1735 767 1784 preterea,
798 1729 993 1783 predives
1016 1728 1342 1770 Mediolanensis
1372 1730 1489 1771 urbis
1506 1743 1570 1768 8911.

4 1798 158 1838 0011108,
199 1784 517 1840 quinquennio⁵
548 1784 646 1825 huie
677 1783 845 1825 rebellis
875 1785 1094 1835 extiterat3
1139 1785 1211 1840 qui
1240 1799 1324 1825 non
1355 1784 1490 1826 solum

3 1839 153 1881 urbem
181 1840 225 1880 in
257 1853 339 1895 qua
367 1838 535 1880 rebellis
564 1846 664 1892 erat,
698 1838 1002 1880 Mediolanium
1032 1839 1202 1892 scilicet,
1234 1840 1490 1893 defenderat,

2 1909 148 1936 verum
181 1895 306 1936 etiam
335 1895 477 1935 vicina
514 1895 846 1951 circumquaque
885 1894 978 1936 loca
1007 1894 1234 1937 Lamberto
1265 1896 1491 1937 servientia

1 1951 127 1991 nimis
158 1949 456 2007 depopulabat.
516 1950 641 2002 Quod
670 1951 829 1991 factum
857 1966 932 1992 rex
967 1965 1052 1991 non
1090 1965 1240 2007 passus
1281 1958 1344 1992 cst
1373 1950 1489 1992 abire

2 2005 232 2060 inultuma,
283 2005 655 2061 spalmographum
704 2005 806 2047 illud
853 2021 1031 2061 persepe
1075 2007 1313 2047 ruminans:
1364 2006 1487 2048 ‘Cum
1501 2031 1549 2057 ΡΞ,
1576 2031 1619 2063 74,
1644 2031 1668 2058 3.

3 2075 207 2117 accepero
237 2068 417 2116 tempus,
449 2076 526 2116 ego
558 2062 737 2103 iustitias
758 2061 980 2103 iudicabo’.
1022 2062 1131 2103 Nam
1152 2070 1249 2118 post
1268 2061 1486 2118 paululum

2 2118 151 2172 capitis
180 2117 293 2158 hunc
321 2118 500 2158 iusserat
530 2116 730 2158 damnare
762 2117 979 2159 sententia.
1041 2117 1161 2169 Quae
1186 2133 1252 2159 res
1282 2124 1485 2160 terrorem

3 2173 166 2214 cunctis
194 2172 465 2214 Italiensibus
495 2187 580 2213 non
609 2173 832 2213 minimum
860 2172 1023 2214 adtulit.

111 2228 177 2269 39.
221 2228 417 2283 Denique
456 2229 537 2269 hoc
575 2228 723 2269 eodem
762 2234 951 2283 tempore
990 2227 1268 2281 Adelbertus,
1312 2228 1484 2270 illustris
1501 2246 1566 2271 898.

1 2283 238 2325 Tuscorum
259 2284 459 2336 marchio,
490 2289 616 2338 atque
636 2282 927 2339 Ildeprandus,
956 2291 1184 2339 prepotens
1207 2298 1359 2337 comes,
1385 2284 1484 2324 huic

0 2340 81 2381 nisi
117 2346 213 2380 sunt
251 2338 465 2381 rebellare.
525 2340 686 2381 Tantae
724 2340 882 2395 quippe
922 2338 1176 2381 Adelbertus
1216 2347 1306 2381 erat
1341 2346 1486 2395 poten-

0 2464 28 2498 a)
53 2466 181 2491 multum
205 2467 230 2490 1.

4 2572 38 2612 1)
57 2572 98 2603 In
120 2571 296 2604 narrando
311 2571 431 2603 morbo
448 2575 482 2603 et
501 2572 703 2614 turpissima
716 2571 851 2603 Arnulfi
863 2575 971 2603 morte
985 2571 1136 2604 stolidae
1150 2570 1360 2614 plebeculae
1375 2570 1484 2602 Lind-

0 2619 171 2664 prandum
187 2621 329 2652 nimiam
346 2620 450 2652 fidem
466 2620 631 2652 habuisse
646 2620 773 2661 Kopke
790 2621 932 2652 monuit.
1009 2619 1042 2662 2)
1058 2619 1242 2651 Celebrem
1258 2619 1328 2650 hun
1346 2618 1484 2650 clocum

1 2669 123 2701 laudat
149 2669 219 2700 iam
244 2669 457 2711 Ragewinus
485 2669 609 2705 (Gesta
636 2668 810 2700 Friderici
836 2669 920 2710 imp.
949 2668 1017 2707 III,
1045 2679 1074 2699 0.
1103 2668 1179 2701 331.
1263 2668 1299 2708 3)
1315 2667 1482 2698 Lamber-

0 2721 54 2750 tus
82 2718 290 2749 constitutus
327 2721 379 2749 est
412 2728 473 2749 rex
505 2720 605 2759 patre
641 2718 720 2748 vivo
749 2727 780 2748 a.
809 2715 892 2756 891,
918 2717 1110 2758 imperator
1134 2717 1312 2748 Romanus
1340 2725 1371 2746 a.
1401 2714 1483 2747 892.

2 2766 38 2806 4)
65 2765 274 2798 Lambertus
311 2769 345 2798 et
379 2765 616 2807 Berengarius
649 2775 679 2797 a,
709 2765 777 2795 896
813 2765 952 2796 Italiam
987 2764 1134 2806 pacifice
1170 2766 1260 2796 inter
1295 2774 1331 2796 se
1368 2763 1482 2795 distri-

0 2814 161 2846 buerunt.
262 2812 300 2856 5)
326 2814 433 2845 Haud
461 2814 611 2856 amplius
639 2824 744 2855 quam
774 2813 908 2845 duobus
936 2817 995 2844 aut
1022 2812 1133 2845 tribus
1165 2813 1265 2845 annis
1291 2811 1481 2844 Lamberto

0 2863 135 2896 restitit.
