1902 3200
313 230 612 265 LIUDPRANDI
638 228 982 262 ANTAPODOSIS.
1033 230 1127 261 LIB.
1153 231 1195 262 V.
1249 232 1350 264 1—2.
1503 235 1571 265 101

149 341 215 382 26.
259 340 327 382 De
355 340 539 381 adventu
568 338 793 379 desiderati
821 338 1067 392 Berengarii
1095 339 1139 378 in
1168 338 1347 392 Italiam,
1385 347 1425 382 et
1455 342 1569 396 quod

259 395 505 436 Mannasses
535 394 624 435 eius
654 392 844 448 partibus
873 392 999 434 favet.

148 450 215 491 27.
261 450 345 502 Qui
373 450 586 506 principes
617 450 733 504 prius
764 448 989 503 Hugonem
1021 447 1271 501 desererent,
1302 456 1342 490 ct
1371 463 1457 490 cur.

147 505 213 546 28.
255 505 324 546 De
354 519 402 546 eo
433 504 546 560 quod
576 519 652 545 rex
679 503 807 558 Hugo
836 502 970 543 filium
1000 517 1123 544 suum
1144 503 1389 544 Lotharium
1410 504 1570 546 Medio-

256 558 414 600 lanium
444 560 582 606 mittit,
612 558 666 599 ad
695 557 1028 600 misericordiam
1058 559 1244 599 omnium
1274 558 1488 600 Italorum.

146 614 212 655 29.
255 615 323 656 De
353 615 506 670 Ioseph
535 615 734 669 episcopo
764 628 839 669 per
867 613 1172 668 Berengarium
1194 613 1344 655 Brixia
1375 615 1566 670 expulso,

256 676 297 711 et
325 669 509 711 Antonio
541 669 689 710 eodem
719 670 957 710 constituto.

144 724 211 766 30.
257 724 345 766 Cur
373 726 655 779 Berengarius
684 723 975 765 Placentinum
1006 729 1046 765 et
1065 724 1316 778 Papiensem
1343 723 1569 765 dimitteret

255 781 489 836 episcopos,
520 788 561 821 et
590 795 666 821 cur
694 779 1015 834 Liudprandum
1047 778 1245 820 clericum
1275 787 1470 834 parentes
1503 780 1567 820 sui

255 835 513 891 Bel-engario
542 835 941 876 commendaverint.

144 890 210 931 31.
255 891 324 932 De
354 891 536 946 Hugone
574 905 673 946 rege
712 891 784 945 qui
820 904 917 931 cum
955 890 1066 930 omni
1102 890 1283 945 pecunia
1322 891 1366 930 in
1395 890 1568 931 Provin-

257 947 364 987 ciam
396 947 483 999 ivit,
515 952 555 987 et
585 946 637 986 de
667 945 906 986 Raimundo
938 947 1010 1000 qui
1049 960 1149 985 suus
1179 944 1298 986 miles
1327 945 1461 986 factus
1493 954 1568 986 est.

140 1001 207 1042 32.
252 1000 321 1043 De
350 1016 482 1043 uxore
511 1001 758 1055 Berengarii
799 1014 906 1055 quae
945 1014 1070 1055 passa
1107 1007 1170 1041 est
1209 1001 1365 1042 crimen
1405 1001 1564 1053 incesti,

253 1063 294 1097 et
324 1056 501 1111 qualiter
530 1056 627 1097 inde
658 1056 711 1096 sit
738 1055 927 1097 liberata.

141 1110 207 1151 33.
252 1111 320 1152 De
357 1113 539 1166 pecunia
579 1125 705 1166 quam
750 1110 1033 1164 Berengarius
1077 1124 1207 1151 causa
1249 1110 1566 1165 Hungariorum

250 1166 512 1223 pauperibus
543 1173 584 1207 et
613 1165 800 1207 ecclesiis
830 1165 913 1205 Dei
944 1163 1050 1205 tulit.

473 1267 800 1309 EXPLIOIUN
804 1268 840 1308 T
873 1267 1181 1310 CAPITULA.

455 1491 675 1533 INCIPIT
703 1492 880 1533 LIBER
911 1491 1184 1544 QUINTUS.

196 1571 232 1612 1.
291 1571 469 1613 Factum
501 1579 575 1623 est,
605 1578 651 1613 ut
680 1578 776 1627 post
805 1578 982 1612 mortem
1012 1570 1247 1612 Heverardi
1277 1576 1403 1625 atque
1426 1569 1560 1612 Gislc—
1575 1590 1630 1623 (1,)

82 1626 203 1678 berti,
233 1641 397 1668 necnon
433 1633 474 1667 et
513 1627 705 1668 Heinrici
740 1626 877 1667 fratris
916 1628 1028 1678 regis
1066 1626 1357 1678 inclusionem,
1388 1640 1560 1667 concur·
1575 1630 1641 1655 939.

80 1682 268 1723 rentibus
298 1682 484 1737 undique
514 1682 567 1722 ad
593 1697 739 1737 regem
760 1678 1133 1737 congratulationis
1154 1695 1281 1722 causa
1301 1680 1560 1736 proceribus,

78 1738 241 1779 veniret
269 1744 310 1778 et
338 1738 402 1778 vir
441 1737 685 1789 ditissimus,
732 1737 970 1779 Suevormn
1007 1737 1096 1777 dux
1134 1737 1442 1789 Hei-imannus3
1488 1738 1560 1791 qui

77 1800 176 1848 post
206 1791 575 1847 congratulationis
607 1793 840 1834 satietatem
880 1792 1034 1833 talibus
1063 1807 1207 1846 regem
1238 1799 1299 1833 est
1333 1791 1560 1845 adgressus

78 1848 362 1890 sermonibus:
407 1848 517 1888 ‘Non
561 1847 667 1888 clam
712 1848 882 1889 domino
926 1862 1020 1888 meo
1061 1855 1134 1899 est,
1181 1861 1276 1887 cum
1316 1847 1560 1902 prediorum

77 1902 311 1955 latitudine,
341 1909 430 1943 tum
460 1904 734 1958 pecuniarum
755 1903 1020 1944 inmensitate
1040 1902 1289 1957 predivitem
1310 1917 1376 1942 me
1397 1901 1559 1957 absque

76 1957 219 2000 liberis
260 1973 369 2011 esse3
405 1972 482 2000 nec
525 1965 589 1999 est
629 1965 769 2014 preter
811 1972 940 1999 unam
983 1957 1203 2014 parvulam
1241 1964 1412 2011 gnatam
1427 1965 1453 2009 1,
1487 1957 1558 2012 qui

75 2028 264 2056 mearum
294 2028 432 2056 rerum
463 2029 530 2054 me
560 2013 790 2055 decedente
826 2013 965 2054 *heres
997 2014 1162 2055 existat.
1220 2012 1389 2053 Placeat
1417 2013 1704 2068 itaque-9323,

79 2068 249 2110 domino
281 2084 374 2111 meo
404 2070 494 2124 regi
519 2069 650 2110 filimn
677 2084 800 2110 suum
828 2068 1053 2124 parvulum
1081 2068 1428 2110 LIUTOLFUM
1456 2067 1559 2109 mihi

75 2124 275 2179 adoptare
295 2125 340 2164 in
368 2124 514 2177 filium,
546 2125 742 2180 quatinus
771 2125 920 2165 unicae
951 2124 1061 2166 filiae
1090 2139 1208 2166 meae
1238 2122 1417 2165 maritali
1447 2138 1557 2164 com-

75 2181 222 2221 mertio
254 2181 440 2231 sotiatus,
478 2195 544 2221 me
583 2181 790 2235 migrante
829 2194 1019 2221 mearum
1057 2181 1129 2220 fiat
1157 2194 1297 2221 rerum
1327 2179 1557 2220 hereditate

75 2235 351 2290 magnificus’.
409 2234 505 2276 Hoc
544 2235 685 2290 itaque
724 2236 823 2291 quia
858 2234 1017 2290 placuit
1050 2235 1139 2289 regi
1171 2234 1405 2286 consilium,
1444 2234 1557 2289 quod

74 2298 327 2347 poposcerat
363 2291 452 2332 sine
491 2290 688 2332 dilatione
720 2289 958 2345 complevit.

185 2347 224 2388 2.
282 2346 380 2387 Hoc
409 2347 452 2386 in
491 2352 691 2401 tempore,
733 2353 780 2387 ut
814 2346 897 2400 ipsi
934 2345 1041 2387 bene
1076 2347 1221 2398 nostis,
1260 2344 1321 2386 sol
1357 2358 1554 2399 magnam
1571 2366 1628 2391 Iul.
1652 2364 1698 2390 19.

76 2406 118 2443 et
147 2402 310 2443 cunctis
340 2401 569 2443 terribilem
605 2415 755 2456 passus
790 2408 851 2442 est
889 2400 1104 2456 eclipsina,
1146 2408 1266 2442 sexta
1299 2400 1416 2452 feria,
1452 2399 1555 2440 hora

77 2456 162 2498 diei
191 2457 335 2509 tertia3
391 2471 475 2512 qua
514 2457 640 2498 etiam
680 2457 746 2498 die
788 2456 1170 2508 Abderahamemb,
1223 2471 1299 2497 rex
1337 2462 1488 2508 vester,
1532 2469 1556 2494 a

74 2511 302 2553 Radamiro
334 2512 678 2554 christianissimo
709 2527 809 2567 rege
842 2511 1038 2553 Gallitiae
1073 2513 1116 2552 in
1155 2510 1264 2553 bello
1296 2518 1357 2552 cst
1387 2524 1556 2565 supera-

74 2574 142 2608 tus
155 2575 183 2608 ².
244 2566 329 2609 Sed
357 2575 397 2610 et
426 2568 470 2608 in
498 2567 619 2609 Italia
650 2575 742 2609 octo
775 2568 982 2608 continuis
1011 2567 1205 2608 noctibus
1236 2567 1365 2607 mirae
1395 2566 1555 2620 magni-

75 2673 106 2706 a)
125 2679 190 2706 post
212 2676 342 2707 eclipsin
364 2676 449 2701 verba
469 2676 611 2701 nonnulla
633 2682 717 2700 erasa
737 2679 818 2700 sunt:
841 2682 921 2700 anno
945 2675 1116 2699 dominicae
1138 2674 1356 2699 incarnationis
1372 2672 1509 2699 DCCCC.
1528 2674 1554 2697 1.

72 2713 104 2746 b)
128 2714 273 2739 abdaram
295 2714 322 2740 5.
347 2715 402 2741 5a.

78 2799 114 2842 1)
141 2801 262 2842 Idam,
298 2812 388 2843 quae
424 2812 514 2833 anno
551 2802 619 2833 947
647 2802 716 2833 iam
752 2800 874 2832 adulta
900 2800 1057 2832 Liutolso
1085 2800 1214 2842 nupsit.
1317 2796 1355 2840 2)
1383 2798 1436 2830 Cf.
1462 2799 1553 2830 Ann.

77 2848 236 2891 SangalL
263 2850 412 2882 maiores
438 2861 470 2882 a.
497 2850 579 2882 939.
