<?xml version="1.0" encoding="UTF-8"?>
<!DOCTYPE html PUBLIC "-//W3C//DTD XHTML 1.0 Transitional//EN"
    "http://www.w3.org/TR/xhtml1/DTD/xhtml1-transitional.dtd">
<html xmlns="http://www.w3.org/1999/xhtml" xml:lang="en" lang="en">
 <head>
  <title>
</title>
<meta http-equiv="Content-Type" content="text/html;charset=utf-8" />
  <meta name='ocr-system' content='tesseract 3.04.00' />
  <meta name='ocr-capabilities' content='ocr_page ocr_carea ocr_par ocr_line ocrx_word'/>
</head>
<body>
  <div class='ocr_page' id='page_1' title='image "./operaomnia00liuduoft_0118.png"; bbox 0 0 1780 3209; ppageno 0'>
   <div class='ocr_carea' id='block_1_1' title="bbox 207 151 1509 188">
    <p class='ocr_par' dir='ltr' id='par_1_1' title="bbox 207 151 1509 188">
     <span class='ocr_line' id='line_1_1' title="bbox 207 151 1509 188; baseline -0.005 0"><span class='ocrx_word' id='word_1_1' title='bbox 207 157 252 188; x_wconf 84' lang='lat'>86</span> <span class='ocrx_word' id='word_1_2' title='bbox 393 154 695 188; x_wconf 73' lang='lat' dir='ltr'>LIUDPRANDI</span> <span class='ocrx_word' id='word_1_3' title='bbox 721 153 1066 187; x_wconf 72' lang='lat' dir='ltr'>ANTAPODOSIS.</span> <span class='ocrx_word' id='word_1_4' title='bbox 1118 152 1212 185; x_wconf 90' lang='lat' dir='ltr'>LIB.</span> <span class='ocrx_word' id='word_1_5' title='bbox 1240 152 1301 184; x_wconf 79' lang='lat' dir='ltr'>IV.</span> <span class='ocrx_word' id='word_1_6' title='bbox 1357 151 1509 182; x_wconf 81' lang='lat'>14-15.</span> 
     </span>
    </p>
   </div>
   <div class='ocr_carea' id='block_1_2' title="bbox 92 259 1710 2317">
    <p class='ocr_par' dir='ltr' id='par_1_2' title="bbox 126 259 1691 483">
     <span class='ocr_line' id='line_1_2' title="bbox 126 259 1691 320; baseline -0.005 -12"><span class='ocrx_word' id='word_1_7' title='bbox 126 275 297 310; x_wconf 49' lang='lat' dir='ltr'>{ertum</span> <span class='ocrx_word' id='word_1_8' title='bbox 342 281 505 307; x_wconf 85' lang='lat' dir='ltr'>morum</span> <span class='ocrx_word' id='word_1_9' title='bbox 549 264 758 320; x_wconf 77' lang='lat' dir='ltr'>probitate</span> <span class='ocrx_word' id='word_1_10' title='bbox 801 265 1041 318; x_wconf 76' lang='lat' dir='ltr'>gratiosam,</span> <span class='ocrx_word' id='word_1_11' title='bbox 1093 264 1317 316; x_wconf 87' lang='lat' dir='ltr'>coniugem</span> <span class='ocrx_word' id='word_1_12' title='bbox 1360 259 1492 302; x_wconf 79' lang='lat' dir='ltr'>tulit1.</span> <span class='ocrx_word' id='word_1_13' title='bbox 1567 259 1691 312; x_wconf 81' lang='lat' dir='ltr'>Quod</span> 
     </span>
     <span class='ocr_line' id='line_1_3' title="bbox 210 315 1690 370; baseline -0.005 -6"><span class='ocrx_word' id='word_1_14' title='bbox 210 322 362 364; x_wconf 78' lang='lat' dir='ltr'>Grecis</span> <span class='ocrx_word' id='word_1_15' title='bbox 394 320 589 363; x_wconf 89' lang='lat' dir='ltr'>omnibus</span> <span class='ocrx_word' id='word_1_16' title='bbox 619 335 705 361; x_wconf 90' lang='lat' dir='ltr'>non</span> <span class='ocrx_word' id='word_1_17' title='bbox 741 320 911 360; x_wconf 78' lang='lat' dir='ltr'>videtur</span> <span class='ocrx_word' id='word_1_18' title='bbox 948 319 1160 370; x_wconf 91' lang='lat' dir='ltr'>idoneum,</span> <span class='ocrx_word' id='word_1_19' title='bbox 1203 316 1361 358; x_wconf 90' lang='lat' dir='ltr'>scilicet</span> <span class='ocrx_word' id='word_1_20' title='bbox 1400 324 1458 363; x_wconf 71' lang='lat' dir='ltr'>ut,</span> <span class='ocrx_word' id='word_1_21' title='bbox 1498 315 1533 355; x_wconf 88' lang='lat' dir='ltr'>si</span> <span class='ocrx_word' id='word_1_22' title='bbox 1571 322 1690 370; x_wconf 89' lang='lat' dir='ltr'>pater</span> 
     </span>
     <span class='ocr_line' id='line_1_4' title="bbox 207 370 1689 430; baseline -0.005 -11"><span class='ocrx_word' id='word_1_23' title='bbox 207 385 399 430; x_wconf 89' lang='lat' dir='ltr'>matrem,</span> <span class='ocrx_word' id='word_1_24' title='bbox 440 392 535 418; x_wconf 90' lang='lat' dir='ltr'>cum</span> <span class='ocrx_word' id='word_1_25' title='bbox 568 377 649 417; x_wconf 91' lang='lat' dir='ltr'>sint</span> <span class='ocrx_word' id='word_1_26' title='bbox 679 375 762 415; x_wconf 89' lang='lat' dir='ltr'>duo</span> <span class='ocrx_word' id='word_1_27' title='bbox 794 389 939 426; x_wconf 89' lang='lat' dir='ltr'>unum,</span> <span class='ocrx_word' id='word_1_28' title='bbox 979 387 1157 414; x_wconf 85' lang='lat' dir='ltr'>uxorem</span> <span class='ocrx_word' id='word_1_29' title='bbox 1186 373 1376 428; x_wconf 88' lang='lat' dir='ltr'>accipiat,</span> <span class='ocrx_word' id='word_1_30' title='bbox 1417 372 1530 412; x_wconf 88' lang='lat' dir='ltr'>filius</span> <span class='ocrx_word' id='word_1_31' title='bbox 1561 370 1689 411; x_wconf 86' lang='lat' dir='ltr'>filiam</span> 
     </span>
     <span class='ocr_line' id='line_1_5' title="bbox 206 427 1302 483; baseline -0.006 -8"><span class='ocrx_word' id='word_1_32' title='bbox 206 449 291 475; x_wconf 91' lang='lat' dir='ltr'>non</span> <span class='ocrx_word' id='word_1_33' title='bbox 322 434 410 474; x_wconf 90' lang='lat' dir='ltr'>sine</span> <span class='ocrx_word' id='word_1_34' title='bbox 440 439 558 473; x_wconf 81' lang='lat' dir='ltr'>reatu</span> <span class='ocrx_word' id='word_1_35' title='bbox 587 430 727 471; x_wconf 76' lang='lat' dir='ltr'>valeat</span> <span class='ocrx_word' id='word_1_36' title='bbox 757 429 836 470; x_wconf 91' lang='lat' dir='ltr'>sibi</span> <span class='ocrx_word' id='word_1_37' title='bbox 866 429 1062 483; x_wconf 90' lang='lat' dir='ltr'>coniugio</span> <span class='ocrx_word' id='word_1_38' title='bbox 1091 427 1302 483; x_wconf 89' lang='lat' dir='ltr'>copulare.</span> 
     </span>
    </p>

    <p class='ocr_par' dir='ltr' id='par_1_3' title="bbox 207 481 1705 1708">
     <span class='ocr_line' id='line_1_6' title="bbox 324 481 1689 541; baseline -0.005 -12"><span class='ocrx_word' id='word_1_39' title='bbox 324 489 385 529; x_wconf 81' lang='lat'>14.</span> <span class='ocrx_word' id='word_1_40' title='bbox 445 487 601 541; x_wconf 74' lang='lat' dir='ltr'>Hugoa</span> <span class='ocrx_word' id='word_1_41' title='bbox 639 486 820 539; x_wconf 89' lang='lat' dir='ltr'>denique</span> <span class='ocrx_word' id='word_1_42' title='bbox 858 483 1083 524; x_wconf 88' lang='lat' dir='ltr'>multarum</span> <span class='ocrx_word' id='word_1_43' title='bbox 1125 483 1458 524; x_wconf 89' lang='lat' dir='ltr'>concubinarum</span> <span class='ocrx_word' id='word_1_44' title='bbox 1489 481 1689 537; x_wconf 88' lang='lat' dir='ltr'>deceptus</span> 
     </span>
     <span class='ocr_line' id='line_1_7' title="bbox 207 537 1693 596; baseline -0.005 -11"><span class='ocrx_word' id='word_1_45' title='bbox 207 543 453 595; x_wconf 74' lang='lat' dir='ltr'>inlecebris,</span> <span class='ocrx_word' id='word_1_46' title='bbox 497 541 703 596; x_wconf 79' lang='lat' dir='ltr'>prefatam</span> <span class='ocrx_word' id='word_1_47' title='bbox 748 541 970 594; x_wconf 87' lang='lat' dir='ltr'>coniugem</span> <span class='ocrx_word' id='word_1_48' title='bbox 1015 553 1134 579; x_wconf 87' lang='lat' dir='ltr'>suam</span> <span class='ocrx_word' id='word_1_49' title='bbox 1173 538 1345 579; x_wconf 88' lang='lat' dir='ltr'>Bertam</span> <span class='ocrx_word' id='word_1_50' title='bbox 1390 537 1569 579; x_wconf 86' lang='lat' dir='ltr'>maritali</span> <span class='ocrx_word' id='word_1_51' title='bbox 1608 551 1693 577; x_wconf 90' lang='lat' dir='ltr'>non</span> 
     </span>
     <span class='ocr_line' id='line_1_8' title="bbox 208 593 1694 652; baseline -0.005 -11"><span class='ocrx_word' id='word_1_52' title='bbox 208 599 346 641; x_wconf 89' lang='lat' dir='ltr'>solum</span> <span class='ocrx_word' id='word_1_53' title='bbox 377 613 462 639; x_wconf 90' lang='lat' dir='ltr'>non</span> <span class='ocrx_word' id='word_1_54' title='bbox 492 598 603 652; x_wconf 68' lang='lat' dir='ltr'>cepit</span> <span class='ocrx_word' id='word_1_55' title='bbox 633 610 776 637; x_wconf 85' lang='lat' dir='ltr'>amore</span> <span class='ocrx_word' id='word_1_56' title='bbox 806 594 995 650; x_wconf 88' lang='lat' dir='ltr'>diligere,</span> <span class='ocrx_word' id='word_1_57' title='bbox 1026 608 1175 634; x_wconf 80' lang='lat' dir='ltr'>verum</span> <span class='ocrx_word' id='word_1_58' title='bbox 1204 593 1340 634; x_wconf 91' lang='lat' dir='ltr'>modis</span> <span class='ocrx_word' id='word_1_59' title='bbox 1372 593 1566 634; x_wconf 89' lang='lat' dir='ltr'>omnibus</span> <span class='ocrx_word' id='word_1_60' title='bbox 1598 607 1694 634; x_wconf 84' lang='lat' dir='ltr'>exe-</span> 
     </span>
     <span class='ocr_line' id='line_1_9' title="bbox 209 648 1693 708; baseline -0.005 -13"><span class='ocrx_word' id='word_1_61' title='bbox 209 669 349 706; x_wconf 70' lang='lat' dir='ltr'>crare,</span> <span class='ocrx_word' id='word_1_62' title='bbox 383 653 497 708; x_wconf 87' lang='lat' dir='ltr'>quod</span> <span class='ocrx_word' id='word_1_63' title='bbox 528 667 655 707; x_wconf 87' lang='lat' dir='ltr'>quam</span> <span class='ocrx_word' id='word_1_64' title='bbox 685 651 788 692; x_wconf 87' lang='lat' dir='ltr'>deus</span> <span class='ocrx_word' id='word_1_65' title='bbox 819 651 927 691; x_wconf 90' lang='lat' dir='ltr'>iuste</span> <span class='ocrx_word' id='word_1_66' title='bbox 957 650 1154 705; x_wconf 89' lang='lat' dir='ltr'>punierit,</span> <span class='ocrx_word' id='word_1_67' title='bbox 1196 650 1283 690; x_wconf 85' lang='lat' dir='ltr'>suis</span> <span class='ocrx_word' id='word_1_68' title='bbox 1320 649 1363 688; x_wconf 90' lang='lat' dir='ltr'>in</span> <span class='ocrx_word' id='word_1_69' title='bbox 1392 648 1495 689; x_wconf 87' lang='lat' dir='ltr'>locis</span> <span class='ocrx_word' id='word_1_70' title='bbox 1536 662 1693 704; x_wconf 88' lang='lat' dir='ltr'>ponere</span> 
     </span>
     <span class='ocr_line' id='line_1_10' title="bbox 207 704 1695 764; baseline -0.005 -13"><span class='ocrx_word' id='word_1_71' title='bbox 207 725 292 751; x_wconf 88' lang='lat' dir='ltr'>non</span> <span class='ocrx_word' id='word_1_72' title='bbox 322 709 497 764; x_wconf 80' lang='lat' dir='ltr'>pigebit.</span> <span class='ocrx_word' id='word_1_73' title='bbox 557 707 717 748; x_wconf 90' lang='lat' dir='ltr'>Verum</span> <span class='ocrx_word' id='word_1_74' title='bbox 749 720 846 747; x_wconf 91' lang='lat' dir='ltr'>cum</span> <span class='ocrx_word' id='word_1_75' title='bbox 875 704 1098 746; x_wconf 89' lang='lat' dir='ltr'>nonnullae</span> <span class='ocrx_word' id='word_1_76' title='bbox 1137 711 1276 746; x_wconf 80' lang='lat' dir='ltr'>essent</span> <span class='ocrx_word' id='word_1_77' title='bbox 1305 704 1579 755; x_wconf 89' lang='lat' dir='ltr'>concubinae,</span> <span class='ocrx_word' id='word_1_78' title='bbox 1611 710 1695 745; x_wconf 89' lang='lat' dir='ltr'>tres</span> 
     </span>
     <span class='ocr_line' id='line_1_11' title="bbox 209 758 1693 820; baseline -0.005 -14"><span class='ocrx_word' id='word_1_79' title='bbox 209 779 340 820; x_wconf 86' lang='lat' dir='ltr'>supra</span> <span class='ocrx_word' id='word_1_80' title='bbox 369 763 587 805; x_wconf 82' lang='lat' dir='ltr'>caeterasb</span> <span class='ocrx_word' id='word_1_81' title='bbox 618 762 862 817; x_wconf 87' lang='lat' dir='ltr'>turpissimo</span> <span class='ocrx_word' id='word_1_82' title='bbox 894 775 1036 802; x_wconf 89' lang='lat' dir='ltr'>amore</span> <span class='ocrx_word' id='word_1_83' title='bbox 1067 759 1263 801; x_wconf 83' lang='lat' dir='ltr'>ardebat:</span> <span class='ocrx_word' id='word_1_84' title='bbox 1300 758 1512 811; x_wconf 86' lang='lat' dir='ltr'>Pezolam,</span> <span class='ocrx_word' id='word_1_85' title='bbox 1542 758 1693 800; x_wconf 73' lang='lat' dir='ltr'>vilissi-</span> 
     </span>
     <span class='ocr_line' id='line_1_12' title="bbox 207 815 1697 872; baseline -0.005 -11"><span class='ocrx_word' id='word_1_86' title='bbox 207 835 375 861; x_wconf 91' lang='lat' dir='ltr'>morum</span> <span class='ocrx_word' id='word_1_87' title='bbox 405 826 649 860; x_wconf 81' lang='lat' dir='ltr'>servorum⁰</span> <span class='ocrx_word' id='word_1_88' title='bbox 680 818 886 872; x_wconf 86' lang='lat' dir='ltr'>sanguine</span> <span class='ocrx_word' id='word_1_89' title='bbox 916 823 1087 868; x_wconf 88' lang='lat' dir='ltr'>cretam,</span> <span class='ocrx_word' id='word_1_90' title='bbox 1120 830 1173 856; x_wconf 87' lang='lat' dir='ltr'>ex</span> <span class='ocrx_word' id='word_1_91' title='bbox 1204 830 1288 870; x_wconf 87' lang='lat' dir='ltr'>qua</span> <span class='ocrx_word' id='word_1_92' title='bbox 1318 821 1358 855; x_wconf 91' lang='lat' dir='ltr'>et</span> <span class='ocrx_word' id='word_1_93' title='bbox 1386 820 1531 855; x_wconf 90' lang='lat' dir='ltr'>natum</span> <span class='ocrx_word' id='word_1_94' title='bbox 1552 815 1697 869; x_wconf 82' lang='lat' dir='ltr'>genuit</span> 
     </span>
     <span class='ocr_line' id='line_1_13' title="bbox 208 870 1696 929; baseline -0.005 -12"><span class='ocrx_word' id='word_1_95' title='bbox 208 876 379 917; x_wconf 89' lang='lat' dir='ltr'>nomine</span> <span class='ocrx_word' id='word_1_96' title='bbox 418 875 544 927; x_wconf 88' lang='lat' dir='ltr'>Boso,</span> <span class='ocrx_word' id='word_1_97' title='bbox 585 874 740 929; x_wconf 85' lang='lat' dir='ltr'>quemd</span> <span class='ocrx_word' id='word_1_98' title='bbox 776 874 822 913; x_wconf 91' lang='lat' dir='ltr'>in</span> <span class='ocrx_word' id='word_1_99' title='bbox 858 871 1103 913; x_wconf 88' lang='lat' dir='ltr'>Placentina</span> <span class='ocrx_word' id='word_1_100' title='bbox 1143 878 1239 925; x_wconf 88' lang='lat' dir='ltr'>post</span> <span class='ocrx_word' id='word_1_101' title='bbox 1267 870 1466 912; x_wconf 54' lang='lat' dir='ltr'>IVidonis</span> <span class='ocrx_word' id='word_1_102' title='bbox 1506 870 1696 911; x_wconf 87' lang='lat' dir='ltr'>obitum²</span> 
     </span>
     <span class='ocr_line' id='line_1_14' title="bbox 209 924 1698 987; baseline -0.005 -13"><span class='ocrx_word' id='word_1_103' title='bbox 209 932 459 987; x_wconf 88' lang='lat' dir='ltr'>episcopum</span> <span class='ocrx_word' id='word_1_104' title='bbox 491 929 703 971; x_wconf 81' lang='lat' dir='ltr'>ordinavit</span> <span class='ocrx_word' id='word_1_105' title='bbox 731 928 902 980; x_wconf 70' lang='lat' dir='ltr'>eclesia,</span> <span class='ocrx_word' id='word_1_106' title='bbox 943 928 1104 968; x_wconf 85' lang='lat' dir='ltr'>Rozam</span> <span class='ocrx_word' id='word_1_107' title='bbox 1135 926 1298 978; x_wconf 88' lang='lat' dir='ltr'>deinde,</span> <span class='ocrx_word' id='word_1_108' title='bbox 1339 924 1548 980; x_wconf 42' lang='lat' dir='ltr'>&amp;Valperti</span> <span class='ocrx_word' id='word_1_109' title='bbox 1577 940 1698 980; x_wconf 87' lang='lat' dir='ltr'>supe-</span> 
     </span>
     <span class='ocr_line' id='line_1_15' title="bbox 210 980 1698 1038; baseline -0.004 -10"><span class='ocrx_word' id='word_1_110' title='bbox 210 989 298 1029; x_wconf 90' lang='lat' dir='ltr'>rius</span> <span class='ocrx_word' id='word_1_111' title='bbox 329 986 552 1028; x_wconf 89' lang='lat' dir='ltr'>memorati</span> <span class='ocrx_word' id='word_1_112' title='bbox 579 984 709 1026; x_wconf 89' lang='lat' dir='ltr'>filiam</span> <span class='ocrx_word' id='word_1_113' title='bbox 740 982 972 1035; x_wconf 66' lang='lat' dir='ltr'>decollatiss,</span> <span class='ocrx_word' id='word_1_114' title='bbox 1015 998 1122 1038; x_wconf 90' lang='lat' dir='ltr'>quae</span> <span class='ocrx_word' id='word_1_115' title='bbox 1163 983 1201 1023; x_wconf 87' lang='lat' dir='ltr'>ei</span> <span class='ocrx_word' id='word_1_116' title='bbox 1240 983 1372 1023; x_wconf 89' lang='lat' dir='ltr'>mirae</span> <span class='ocrx_word' id='word_1_117' title='bbox 1402 980 1698 1036; x_wconf 84' lang='lat' dir='ltr'>pulcritudinis</span> 
     </span>
     <span class='ocr_line' id='line_1_16' title="bbox 210 1038 1697 1099; baseline -0.004 -15"><span class='ocrx_word' id='word_1_118' title='bbox 210 1043 378 1099; x_wconf 84' lang='lat' dir='ltr'>peperit</span> <span class='ocrx_word' id='word_1_119' title='bbox 406 1050 566 1093; x_wconf 71' lang='lat' dir='ltr'>natam,</span> <span class='ocrx_word' id='word_1_120' title='bbox 597 1041 763 1082; x_wconf 87' lang='lat' dir='ltr'>tertiam</span> <span class='ocrx_word' id='word_1_121' title='bbox 796 1039 1084 1093; x_wconf 81' lang='lat' dir='ltr'>Stephaniam,</span> <span class='ocrx_word' id='word_1_122' title='bbox 1115 1053 1270 1094; x_wconf 82' lang='lat' dir='ltr'>genere</span> <span class='ocrx_word' id='word_1_123' title='bbox 1300 1038 1551 1089; x_wconf 79' lang='lat' dir='ltr'>Romanam,</span> <span class='ocrx_word' id='word_1_124' title='bbox 1589 1051 1697 1092; x_wconf 88' lang='lat' dir='ltr'>quae</span> 
     </span>
     <span class='ocr_line' id='line_1_17' title="bbox 212 1092 1701 1153; baseline -0.005 -14"><span class='ocrx_word' id='word_1_125' title='bbox 212 1105 253 1140; x_wconf 90' lang='lat' dir='ltr'>et</span> <span class='ocrx_word' id='word_1_126' title='bbox 282 1097 416 1139; x_wconf 89' lang='lat' dir='ltr'>filium</span> <span class='ocrx_word' id='word_1_127' title='bbox 446 1097 610 1153; x_wconf 89' lang='lat' dir='ltr'>peperit</span> <span class='ocrx_word' id='word_1_128' title='bbox 650 1096 819 1137; x_wconf 90' lang='lat' dir='ltr'>nomine</span> <span class='ocrx_word' id='word_1_129' title='bbox 859 1093 1139 1147; x_wconf 87' lang='lat' dir='ltr'>Tedbaldum,</span> <span class='ocrx_word' id='word_1_130' title='bbox 1181 1108 1307 1149; x_wconf 89' lang='lat' dir='ltr'>quem</span> <span class='ocrx_word' id='word_1_131' title='bbox 1346 1092 1617 1148; x_wconf 89' lang='lat' dir='ltr'>postmodum</span> <span class='ocrx_word' id='word_1_132' title='bbox 1656 1093 1701 1132; x_wconf 91' lang='lat' dir='ltr'>in</span> 
     </span>
     <span class='ocr_line' id='line_1_18' title="bbox 211 1148 1701 1199; baseline -0.005 -3"><span class='ocrx_word' id='word_1_133' title='bbox 211 1153 521 1196; x_wconf 82' lang='lat' dir='ltr'>Mediolanensi</span> <span class='ocrx_word' id='word_1_134' title='bbox 552 1152 703 1193; x_wconf 86' lang='lat' dir='ltr'>eclesia</span> <span class='ocrx_word' id='word_1_135' title='bbox 734 1150 1073 1192; x_wconf 84' lang='lat' dir='ltr'>archidiaconem</span> <span class='ocrx_word' id='word_1_136' title='bbox 1115 1165 1162 1191; x_wconf 88' lang='lat' dir='ltr'>ea</span> <span class='ocrx_word' id='word_1_137' title='bbox 1192 1149 1353 1190; x_wconf 89' lang='lat' dir='ltr'>ratione</span> <span class='ocrx_word' id='word_1_138' title='bbox 1384 1148 1613 1199; x_wconf 89' lang='lat' dir='ltr'>constituit,</span> <span class='ocrx_word' id='word_1_139' title='bbox 1654 1154 1701 1188; x_wconf 88' lang='lat' dir='ltr'>ut</span> 
     </span>
     <span class='ocr_line' id='line_1_19' title="bbox 212 1202 1701 1263; baseline -0.005 -12"><span class='ocrx_word' id='word_1_140' title='bbox 212 1210 408 1252; x_wconf 85' lang='lat' dir='ltr'>defuncto</span> <span class='ocrx_word' id='word_1_141' title='bbox 439 1209 772 1263; x_wconf 78' lang='lat' dir='ltr'>archiepiscopo,</span> <span class='ocrx_word' id='word_1_142' title='bbox 813 1207 902 1247; x_wconf 89' lang='lat' dir='ltr'>eius</span> <span class='ocrx_word' id='word_1_143' title='bbox 941 1207 1032 1261; x_wconf 84' lang='lat' dir='ltr'>ipse</span> <span class='ocrx_word' id='word_1_144' title='bbox 1063 1206 1247 1247; x_wconf 88' lang='lat' dir='ltr'>vicarius</span> <span class='ocrx_word' id='word_1_145' title='bbox 1286 1210 1526 1259; x_wconf 89' lang='lat' dir='ltr'>poneretur.</span> <span class='ocrx_word' id='word_1_146' title='bbox 1585 1202 1701 1255; x_wconf 77' lang='lat' dir='ltr'>Quid</span> 
     </span>
     <span class='ocr_line' id='line_1_20' title="bbox 212 1259 1702 1318; baseline -0.005 -12"><span class='ocrx_word' id='word_1_147' title='bbox 212 1272 355 1307; x_wconf 88' lang='lat' dir='ltr'>autem</span> <span class='ocrx_word' id='word_1_148' title='bbox 383 1264 521 1316; x_wconf 88' lang='lat' dir='ltr'>fuerit,</span> <span class='ocrx_word' id='word_1_149' title='bbox 566 1262 681 1318; x_wconf 89' lang='lat' dir='ltr'>quod</span> <span class='ocrx_word' id='word_1_150' title='bbox 720 1263 916 1304; x_wconf 85' lang='lat' dir='ltr'>effectum</span> <span class='ocrx_word' id='word_1_151' title='bbox 957 1262 1060 1303; x_wconf 89' lang='lat' dir='ltr'>deus</span> <span class='ocrx_word' id='word_1_152' title='bbox 1099 1261 1204 1302; x_wconf 90' lang='lat' dir='ltr'>haec</span> <span class='ocrx_word' id='word_1_153' title='bbox 1243 1259 1400 1301; x_wconf 82' lang='lat' dir='ltr'>habere</span> <span class='ocrx_word' id='word_1_154' title='bbox 1430 1274 1515 1300; x_wconf 91' lang='lat' dir='ltr'>non</span> <span class='ocrx_word' id='word_1_155' title='bbox 1544 1259 1702 1311; x_wconf 78' lang='lat' dir='ltr'>siverit,</span> 
     </span>
     <span class='ocr_line' id='line_1_21' title="bbox 212 1314 1702 1372; baseline -0.004 -11"><span class='ocrx_word' id='word_1_156' title='bbox 212 1322 300 1362; x_wconf 77' lang='lat' dir='ltr'>vita</span> <span class='ocrx_word' id='word_1_157' title='bbox 331 1320 496 1372; x_wconf 89' lang='lat' dir='ltr'>comite,</span> <span class='ocrx_word' id='word_1_158' title='bbox 535 1318 782 1360; x_wconf 87' lang='lat' dir='ltr'>scribendus</span> <span class='ocrx_word' id='word_1_159' title='bbox 814 1317 916 1358; x_wconf 85' lang='lat' dir='ltr'>ordo</span> <span class='ocrx_word' id='word_1_160' title='bbox 956 1315 1147 1357; x_wconf 90' lang='lat' dir='ltr'>nudabit.</span> <span class='ocrx_word' id='word_1_161' title='bbox 1218 1315 1304 1357; x_wconf 83' lang='lat' dir='ltr'>Sed</span> <span class='ocrx_word' id='word_1_162' title='bbox 1344 1322 1386 1356; x_wconf 91' lang='lat' dir='ltr'>et.</span> <span class='ocrx_word' id='word_1_163' title='bbox 1414 1314 1596 1370; x_wconf 87' lang='lat' dir='ltr'>populus</span> <span class='ocrx_word' id='word_1_164' title='bbox 1626 1314 1702 1355; x_wconf 87' lang='lat' dir='ltr'>has</span> 
     </span>
     <span class='ocr_line' id='line_1_22' title="bbox 214 1369 1703 1430; baseline -0.005 -13"><span class='ocrx_word' id='word_1_165' title='bbox 214 1376 267 1417; x_wconf 94' lang='lat' dir='ltr'>ob</span> <span class='ocrx_word' id='word_1_166' title='bbox 305 1376 440 1430; x_wconf 91' lang='lat' dir='ltr'>turpis</span> <span class='ocrx_word' id='word_1_167' title='bbox 476 1374 755 1429; x_wconf 87' lang='lat' dir='ltr'>inpudicitiae</span> <span class='ocrx_word' id='word_1_168' title='bbox 792 1373 957 1414; x_wconf 88' lang='lat' dir='ltr'>facinus</span> <span class='ocrx_word' id='word_1_169' title='bbox 996 1372 1170 1413; x_wconf 92' lang='lat' dir='ltr'>dearum</span> <span class='ocrx_word' id='word_1_170' title='bbox 1209 1369 1467 1423; x_wconf 87' lang='lat' dir='ltr'>nominibus,</span> <span class='ocrx_word' id='word_1_171' title='bbox 1505 1370 1703 1412; x_wconf 82' lang='lat' dir='ltr'>Pezolani</span> 
     </span>
     <span class='ocr_line' id='line_1_23' title="bbox 213 1425 1703 1482; baseline -0.004 -10"><span class='ocrx_word' id='word_1_172' title='bbox 213 1430 411 1473; x_wconf 80' lang='lat' dir='ltr'>videlicet</span> <span class='ocrx_word' id='word_1_173' title='bbox 441 1430 666 1482; x_wconf 86' lang='lat' dir='ltr'>Venerem,</span> <span class='ocrx_word' id='word_1_174' title='bbox 710 1429 875 1469; x_wconf 88' lang='lat' dir='ltr'>Rozam</span> <span class='ocrx_word' id='word_1_175' title='bbox 904 1429 1124 1480; x_wconf 89' lang='lat' dir='ltr'>Iunonem,</span> <span class='ocrx_word' id='word_1_176' title='bbox 1170 1427 1222 1468; x_wconf 88' lang='lat' dir='ltr'>ob</span> <span class='ocrx_word' id='word_1_177' title='bbox 1253 1425 1510 1467; x_wconf 87' lang='lat' dir='ltr'>simultatem</span> <span class='ocrx_word' id='word_1_178' title='bbox 1541 1432 1582 1468; x_wconf 89' lang='lat' dir='ltr'>et</span> <span class='ocrx_word' id='word_1_179' title='bbox 1610 1440 1703 1481; x_wconf 88' lang='lat' dir='ltr'>per-</span> 
     </span>
     <span class='ocr_line' id='line_1_24' title="bbox 212 1482 1705 1542; baseline -0.003 -15"><span class='ocrx_word' id='word_1_180' title='bbox 212 1492 389 1542; x_wconf 89' lang='lat' dir='ltr'>petuum</span> <span class='ocrx_word' id='word_1_181' title='bbox 421 1486 578 1537; x_wconf 87' lang='lat' dir='ltr'>odium,</span> <span class='ocrx_word' id='word_1_182' title='bbox 610 1486 812 1540; x_wconf 90' lang='lat' dir='ltr'>quoniam</span> <span class='ocrx_word' id='word_1_183' title='bbox 843 1483 1015 1539; x_wconf 85' lang='lat' dir='ltr'>quidem</span> <span class='ocrx_word' id='word_1_184' title='bbox 1053 1498 1101 1524; x_wconf 89' lang='lat' dir='ltr'>ea</span> <span class='ocrx_word' id='word_1_185' title='bbox 1132 1482 1367 1523; x_wconf 88' lang='lat' dir='ltr'>secundum</span> <span class='ocrx_word' id='word_1_186' title='bbox 1397 1482 1533 1522; x_wconf 88' lang='lat' dir='ltr'>carnis</span> <span class='ocrx_word' id='word_1_187' title='bbox 1563 1489 1705 1536; x_wconf 87' lang='lat' dir='ltr'>putre-</span> 
     </span>
     <span class='ocr_line' id='line_1_25' title="bbox 215 1536 1705 1596; baseline -0.005 -13"><span class='ocrx_word' id='word_1_188' title='bbox 215 1542 357 1584; x_wconf 88' lang='lat' dir='ltr'>dinem</span> <span class='ocrx_word' id='word_1_189' title='bbox 395 1542 473 1583; x_wconf 86' lang='lat' dir='ltr'>hac</span> <span class='ocrx_word' id='word_1_190' title='bbox 513 1542 735 1596; x_wconf 86' lang='lat' dir='ltr'>spetiosior</span> <span class='ocrx_word' id='word_1_191' title='bbox 774 1539 1010 1591; x_wconf 82' lang='lat' dir='ltr'>videbatur,</span> <span class='ocrx_word' id='word_1_192' title='bbox 1053 1537 1328 1594; x_wconf 85' lang='lat' dir='ltr'>Stephaniam</span> <span class='ocrx_word' id='word_1_193' title='bbox 1366 1551 1467 1578; x_wconf 78' lang='lat' dir='ltr'>vero</span> <span class='ocrx_word' id='word_1_194' title='bbox 1507 1536 1705 1578; x_wconf 80' lang='lat' dir='ltr'>Semelen</span> 
     </span>
     <span class='ocr_line' id='line_1_26' title="bbox 214 1592 1703 1654; baseline -0.004 -15"><span class='ocrx_word' id='word_1_195' title='bbox 214 1597 438 1654; x_wconf 88' lang='lat' dir='ltr'>apellabat.</span> <span class='ocrx_word' id='word_1_196' title='bbox 495 1597 553 1638; x_wconf 89' lang='lat' dir='ltr'>Et</span> <span class='ocrx_word' id='word_1_197' title='bbox 582 1597 784 1652; x_wconf 86' lang='lat' dir='ltr'>quoniam</span> <span class='ocrx_word' id='word_1_198' title='bbox 813 1610 898 1636; x_wconf 91' lang='lat' dir='ltr'>non</span> <span class='ocrx_word' id='word_1_199' title='bbox 927 1609 1004 1636; x_wconf 89' lang='lat' dir='ltr'>rex</span> <span class='ocrx_word' id='word_1_200' title='bbox 1034 1593 1146 1635; x_wconf 90' lang='lat' dir='ltr'>solus</span> <span class='ocrx_word' id='word_1_201' title='bbox 1177 1593 1240 1634; x_wconf 87' lang='lat' dir='ltr'>his</span> <span class='ocrx_word' id='word_1_202' title='bbox 1262 1592 1526 1645; x_wconf 85' lang='lat' dir='ltr'>abutebatur,</span> <span class='ocrx_word' id='word_1_203' title='bbox 1557 1607 1703 1634; x_wconf 89' lang='lat' dir='ltr'>earum</span> 
     </span>
     <span class='ocr_line' id='line_1_27' title="bbox 215 1650 1251 1708; baseline -0.005 -13"><span class='ocrx_word' id='word_1_204' title='bbox 215 1654 305 1696; x_wconf 90' lang='lat' dir='ltr'>nati</span> <span class='ocrx_word' id='word_1_205' title='bbox 335 1669 390 1695; x_wconf 84' lang='lat' dir='ltr'>ex</span> <span class='ocrx_word' id='word_1_206' title='bbox 419 1653 588 1694; x_wconf 89' lang='lat' dir='ltr'>incertis</span> <span class='ocrx_word' id='word_1_207' title='bbox 618 1651 807 1708; x_wconf 87' lang='lat' dir='ltr'>patribus</span> <span class='ocrx_word' id='word_1_208' title='bbox 839 1651 1046 1705; x_wconf 84' lang='lat' dir='ltr'>originem</span> <span class='ocrx_word' id='word_1_209' title='bbox 1077 1650 1251 1691; x_wconf 87' lang='lat' dir='ltr'>ducunt.</span> 
     </span>
    </p>

    <p class='ocr_par' dir='ltr' id='par_1_4' title="bbox 149 1703 1707 1779">
     <span class='ocr_line' id='line_1_28' title="bbox 149 1703 1707 1779; baseline -0.004 -28"><span class='ocrx_word' id='word_1_210' title='bbox 149 1743 200 1779; x_wconf 67' lang='lat'>(7)</span> <span class='ocrx_word' id='word_1_211' title='bbox 334 1711 396 1750; x_wconf 77' lang='lat'>15.</span> <span class='ocrx_word' id='word_1_212' title='bbox 454 1709 521 1750; x_wconf 83' lang='lat' dir='ltr'>Eo</span> <span class='ocrx_word' id='word_1_213' title='bbox 552 1709 596 1748; x_wconf 93' lang='lat' dir='ltr'>in</span> <span class='ocrx_word' id='word_1_214' title='bbox 624 1714 814 1762; x_wconf 89' lang='lat' dir='ltr'>tempore</span> <span class='ocrx_word' id='word_1_215' title='bbox 843 1722 920 1748; x_wconf 86' lang='lat' dir='ltr'>rex</span> <span class='ocrx_word' id='word_1_216' title='bbox 949 1706 1189 1758; x_wconf 90' lang='lat' dir='ltr'>Heinricus,</span> <span class='ocrx_word' id='word_1_217' title='bbox 1224 1706 1268 1745; x_wconf 89' lang='lat' dir='ltr'>in</span> <span class='ocrx_word' id='word_1_218' title='bbox 1299 1703 1469 1746; x_wconf 88' lang='lat' dir='ltr'>castello</span> <span class='ocrx_word' id='word_1_219' title='bbox 1501 1703 1615 1759; x_wconf 91' lang='lat' dir='ltr'>quod</span> <span class='ocrx_word' id='word_1_220' title='bbox 1645 1710 1707 1745; x_wconf 89' lang='lat' dir='ltr'>est</span> 
     </span>
    </p>

    <p class='ocr_par' dir='ltr' id='par_1_5' title="bbox 135 1758 1708 1820">
     <span class='ocr_line' id='line_1_29' title="bbox 135 1758 1708 1820; baseline -0.006 -12"><span class='ocrx_word' id='word_1_221' title='bbox 135 1765 201 1811; x_wconf 62' lang='lat'>9313.</span> <span class='ocrx_word' id='word_1_222' title='bbox 215 1766 259 1805; x_wconf 92' lang='lat' dir='ltr'>in</span> <span class='ocrx_word' id='word_1_223' title='bbox 289 1765 588 1820; x_wconf 82' lang='lat' dir='ltr'>Turingiorum</span> <span class='ocrx_word' id='word_1_224' title='bbox 619 1771 661 1805; x_wconf 88' lang='lat' dir='ltr'>et</span> <span class='ocrx_word' id='word_1_225' title='bbox 692 1764 910 1805; x_wconf 77' lang='lat' dir='ltr'>Saxonum</span> <span class='ocrx_word' id='word_1_226' title='bbox 941 1762 1123 1802; x_wconf 88' lang='lat' dir='ltr'>confinio</span> <span class='ocrx_word' id='word_1_227' title='bbox 1157 1769 1197 1802; x_wconf 92' lang='lat' dir='ltr'>et</span> <span class='ocrx_word' id='word_1_228' title='bbox 1227 1760 1384 1801; x_wconf 86' lang='lat' dir='ltr'>dicitur</span> <span class='ocrx_word' id='word_1_229' title='bbox 1413 1758 1708 1812; x_wconf 70' lang='lat' dir='ltr'>Himenleve4,</span> 
     </span>
    </p>

    <p class='ocr_par' dir='ltr' id='par_1_6' title="bbox 92 1814 1710 2317">
     <span class='ocr_line' id='line_1_30' title="bbox 92 1814 1705 1876; baseline -0.004 -14"><span class='ocrx_word' id='word_1_230' title='bbox 92 1825 152 1850; x_wconf 67' lang='lat' dir='ltr'>Iuli</span> <span class='ocrx_word' id='word_1_231' title='bbox 176 1825 203 1851; x_wconf 81' lang='lat'>2-</span> <span class='ocrx_word' id='word_1_232' title='bbox 217 1821 468 1876; x_wconf 84' lang='lat' dir='ltr'>gravissima</span> <span class='ocrx_word' id='word_1_233' title='bbox 488 1818 730 1861; x_wconf 83' lang='lat' dir='ltr'>valetudine</span> <span class='ocrx_word' id='word_1_234' title='bbox 752 1824 983 1873; x_wconf 87' lang='lat' dir='ltr'>correptus,</span> <span class='ocrx_word' id='word_1_235' title='bbox 1005 1817 1204 1872; x_wconf 82' lang='lat' dir='ltr'>migravit</span> <span class='ocrx_word' id='word_1_236' title='bbox 1224 1816 1279 1857; x_wconf 88' lang='lat' dir='ltr'>ad</span> <span class='ocrx_word' id='word_1_237' title='bbox 1299 1816 1528 1857; x_wconf 89' lang='lat' dir='ltr'>dominum.</span> <span class='ocrx_word' id='word_1_238' title='bbox 1571 1814 1705 1856; x_wconf 84' lang='lat' dir='ltr'>Cuius</span> 
     </span>
     <span class='ocr_line' id='line_1_31' title="bbox 219 1869 1708 1932; baseline -0.005 -15"><span class='ocrx_word' id='word_1_239' title='bbox 219 1891 373 1932; x_wconf 88' lang='lat' dir='ltr'>corpus</span> <span class='ocrx_word' id='word_1_240' title='bbox 403 1877 472 1916; x_wconf 80' lang='lat' dir='ltr'>ine</span> <span class='ocrx_word' id='word_1_241' title='bbox 506 1875 738 1918; x_wconf 79' lang='lat' dir='ltr'>Saxoniam</span> <span class='ocrx_word' id='word_1_242' title='bbox 768 1875 1048 1929; x_wconf 84' lang='lat' dir='ltr'>deportatum,</span> <span class='ocrx_word' id='word_1_243' title='bbox 1079 1874 1122 1913; x_wconf 88' lang='lat' dir='ltr'>in</span> <span class='ocrx_word' id='word_1_244' title='bbox 1152 1871 1510 1913; x_wconf 85' lang='lat' dir='ltr'>nobilissimarum</span> <span class='ocrx_word' id='word_1_245' title='bbox 1540 1884 1590 1911; x_wconf 88' lang='lat' dir='ltr'>ac</span> <span class='ocrx_word' id='word_1_246' title='bbox 1616 1869 1708 1911; x_wconf 84' lang='lat' dir='ltr'>reli-</span> 
     </span>
     <span class='ocr_line' id='line_1_32' title="bbox 218 1924 1707 1988; baseline -0.005 -15"><span class='ocrx_word' id='word_1_247' title='bbox 218 1933 437 1988; x_wconf 85' lang='lat' dir='ltr'>giosarum</span> <span class='ocrx_word' id='word_1_248' title='bbox 466 1931 720 1972; x_wconf 88' lang='lat' dir='ltr'>monasterio</span> <span class='ocrx_word' id='word_1_249' title='bbox 749 1930 997 1985; x_wconf 89' lang='lat' dir='ltr'>puellarum,</span> <span class='ocrx_word' id='word_1_250' title='bbox 1030 1927 1145 1983; x_wconf 90' lang='lat' dir='ltr'>quod</span> <span class='ocrx_word' id='word_1_251' title='bbox 1175 1928 1219 1968; x_wconf 90' lang='lat' dir='ltr'>in</span> <span class='ocrx_word' id='word_1_252' title='bbox 1253 1928 1386 1982; x_wconf 88' lang='lat' dir='ltr'>ipsius</span> <span class='ocrx_word' id='word_1_253' title='bbox 1416 1927 1528 1982; x_wconf 89' lang='lat' dir='ltr'>regis</span> <span class='ocrx_word' id='word_1_254' title='bbox 1559 1924 1707 1981; x_wconf 86' lang='lat' dir='ltr'>predio</span> 
     </span>
     <span class='ocr_line' id='line_1_33' title="bbox 218 1982 1707 2042; baseline -0.005 -13"><span class='ocrx_word' id='word_1_255' title='bbox 218 1987 425 2029; x_wconf 83' lang='lat' dir='ltr'>vocabulo</span> <span class='ocrx_word' id='word_1_256' title='bbox 470 1986 822 2042; x_wconf 78' lang='lat' dir='ltr'>Quitelingburg⁵</span> <span class='ocrx_word' id='word_1_257' title='bbox 864 1986 990 2026; x_wconf 89' lang='lat' dir='ltr'>situm</span> <span class='ocrx_word' id='word_1_258' title='bbox 1027 1983 1169 2039; x_wconf 85' lang='lat' dir='ltr'>liquet,</span> <span class='ocrx_word' id='word_1_259' title='bbox 1220 1985 1331 2024; x_wconf 86' lang='lat' dir='ltr'>intra</span> <span class='ocrx_word' id='word_1_260' title='bbox 1369 1982 1565 2024; x_wconf 89' lang='lat' dir='ltr'>eclesiam</span> <span class='ocrx_word' id='word_1_261' title='bbox 1609 1996 1707 2022; x_wconf 86' lang='lat' dir='ltr'>cum</span> 
     </span>
     <span class='ocr_line' id='line_1_34' title="bbox 219 2037 1707 2096; baseline -0.005 -12"><span class='ocrx_word' id='word_1_262' title='bbox 219 2045 412 2085; x_wconf 90' lang='lat' dir='ltr'>inmensa</span> <span class='ocrx_word' id='word_1_263' title='bbox 443 2050 505 2085; x_wconf 91' lang='lat' dir='ltr'>est</span> <span class='ocrx_word' id='word_1_264' title='bbox 535 2043 804 2084; x_wconf 77' lang='lat' dir='ltr'>veneratione</span> <span class='ocrx_word' id='word_1_265' title='bbox 834 2042 1079 2096; x_wconf 89' lang='lat' dir='ltr'>repositum.</span> <span class='ocrx_word' id='word_1_266' title='bbox 1146 2038 1234 2081; x_wconf 89' lang='lat' dir='ltr'>Ubi</span> <span class='ocrx_word' id='word_1_267' title='bbox 1264 2046 1305 2080; x_wconf 91' lang='lat' dir='ltr'>et</span> <span class='ocrx_word' id='word_1_268' title='bbox 1334 2037 1586 2080; x_wconf 84' lang='lat' dir='ltr'>venerabilis</span> <span class='ocrx_word' id='word_1_269' title='bbox 1618 2037 1707 2078; x_wconf 92' lang='lat' dir='ltr'>eius</span> 
     </span>
     <span class='ocr_line' id='line_1_35' title="bbox 220 2091 1707 2154; baseline -0.005 -14"><span class='ocrx_word' id='word_1_270' title='bbox 220 2100 378 2141; x_wconf 85' lang='lat' dir='ltr'>coniux</span> <span class='ocrx_word' id='word_1_271' title='bbox 407 2099 611 2154; x_wconf 85' lang='lat' dir='ltr'>regnique</span> <span class='ocrx_word' id='word_1_272' title='bbox 643 2112 814 2139; x_wconf 89' lang='lat' dir='ltr'>consors</span> <span class='ocrx_word' id='word_1_273' title='bbox 853 2112 907 2138; x_wconf 84' lang='lat' dir='ltr'>ex</span> <span class='ocrx_word' id='word_1_274' title='bbox 936 2095 1085 2138; x_wconf 89' lang='lat' dir='ltr'>eadem</span> <span class='ocrx_word' id='word_1_275' title='bbox 1115 2102 1252 2150; x_wconf 85' lang='lat' dir='ltr'>gente,</span> <span class='ocrx_word' id='word_1_276' title='bbox 1291 2095 1460 2135; x_wconf 90' lang='lat' dir='ltr'>nomine</span> <span class='ocrx_word' id='word_1_277' title='bbox 1490 2091 1707 2145; x_wconf 89' lang='lat' dir='ltr'>Machtild,</span> 
     </span>
     <span class='ocr_line' id='line_1_36' title="bbox 219 2147 1710 2209; baseline -0.005 -13"><span class='ocrx_word' id='word_1_278' title='bbox 219 2155 330 2196; x_wconf 86' lang='lat' dir='ltr'>ultra</span> <span class='ocrx_word' id='word_1_279' title='bbox 360 2169 505 2196; x_wconf 90' lang='lat' dir='ltr'>onmes</span> <span class='ocrx_word' id='word_1_280' title='bbox 537 2168 642 2209; x_wconf 88' lang='lat' dir='ltr'>quas</span> <span class='ocrx_word' id='word_1_281' title='bbox 673 2153 852 2195; x_wconf 77' lang='lat' dir='ltr'>viderim</span> <span class='ocrx_word' id='word_1_282' title='bbox 892 2159 933 2194; x_wconf 90' lang='lat' dir='ltr'>et</span> <span class='ocrx_word' id='word_1_283' title='bbox 964 2151 1171 2192; x_wconf 89' lang='lat' dir='ltr'>audierim</span> <span class='ocrx_word' id='word_1_284' title='bbox 1210 2157 1437 2202; x_wconf 86' lang='lat' dir='ltr'>matronas,</span> <span class='ocrx_word' id='word_1_285' title='bbox 1476 2163 1552 2205; x_wconf 88' lang='lat' dir='ltr'>pro</span> <span class='ocrx_word' id='word_1_286' title='bbox 1584 2147 1710 2189; x_wconf 85' lang='lat' dir='ltr'>delic-</span> 
     </span>
     <span class='ocr_line' id='line_1_37' title="bbox 219 2203 1710 2265; baseline -0.005 -13"><span class='ocrx_word' id='word_1_287' title='bbox 219 2217 361 2252; x_wconf 87' lang='lat' dir='ltr'>torum</span> <span class='ocrx_word' id='word_1_288' title='bbox 391 2210 632 2265; x_wconf 82' lang='lat' dir='ltr'>expiatione</span> <span class='ocrx_word' id='word_1_289' title='bbox 663 2209 855 2251; x_wconf 88' lang='lat' dir='ltr'>caelebre</span> <span class='ocrx_word' id='word_1_290' title='bbox 885 2208 1163 2264; x_wconf 77' lang='lat' dir='ltr'>exequiarum</span> <span class='ocrx_word' id='word_1_291' title='bbox 1184 2206 1363 2247; x_wconf 87' lang='lat' dir='ltr'>offitium</span> <span class='ocrx_word' id='word_1_292' title='bbox 1383 2207 1609 2260; x_wconf 75' lang='lat' dir='ltr'>vivamque</span> <span class='ocrx_word' id='word_1_293' title='bbox 1632 2203 1710 2246; x_wconf 90' lang='lat' dir='ltr'>deo</span> 
     </span>
     <span class='ocr_line' id='line_1_38' title="bbox 220 2261 1710 2317; baseline -0.005 -9"><span class='ocrx_word' id='word_1_294' title='bbox 220 2266 402 2308; x_wconf 88' lang='lat' dir='ltr'>hostiam</span> <span class='ocrx_word' id='word_1_295' title='bbox 434 2266 582 2307; x_wconf 86' lang='lat' dir='ltr'>offerre</span> <span class='ocrx_word' id='word_1_296' title='bbox 613 2280 699 2306; x_wconf 90' lang='lat' dir='ltr'>non</span> <span class='ocrx_word' id='word_1_297' title='bbox 728 2264 945 2306; x_wconf 70' lang='lat' dir='ltr'>desinitfe.</span> <span class='ocrx_word' id='word_1_298' title='bbox 995 2263 1114 2305; x_wconf 87' lang='lat' dir='ltr'>Haec</span> <span class='ocrx_word' id='word_1_299' title='bbox 1140 2270 1236 2304; x_wconf 88' lang='lat' dir='ltr'>ante</span> <span class='ocrx_word' id='word_1_300' title='bbox 1258 2262 1378 2317; x_wconf 89' lang='lat' dir='ltr'>regni</span> <span class='ocrx_word' id='word_1_301' title='bbox 1398 2261 1710 2316; x_wconf 86' lang='lat' dir='ltr'>susceptionem</span> 
     </span>
    </p>
   </div>
   <div class='ocr_carea' id='block_1_3' title="bbox 220 2343 1710 2423">
    <p class='ocr_par' dir='ltr' id='par_1_7' title="bbox 220 2343 1710 2423">
     <span class='ocr_line' id='line_1_39' title="bbox 222 2343 1710 2384; baseline -0.004 -9"><span class='ocrx_word' id='word_1_302' title='bbox 222 2350 253 2384; x_wconf 86' lang='lat' dir='ltr'>a)</span> <span class='ocrx_word' id='word_1_303' title='bbox 273 2351 341 2381; x_wconf 77' lang='lat' dir='ltr'>Hgo</span> <span class='ocrx_word' id='word_1_304' title='bbox 366 2352 391 2376; x_wconf 88' lang='lat'>1.</span> <span class='ocrx_word' id='word_1_305' title='bbox 440 2350 469 2382; x_wconf 90' lang='lat' dir='ltr'>b)</span> <span class='ocrx_word' id='word_1_306' title='bbox 493 2353 608 2381; x_wconf 74' lang='lat' dir='ltr'>ceteras</span> <span class='ocrx_word' id='word_1_307' title='bbox 633 2352 657 2376; x_wconf 91' lang='lat'>1.</span> <span class='ocrx_word' id='word_1_308' title='bbox 712 2349 738 2381; x_wconf 88' lang='lat' dir='ltr'>c)</span> <span class='ocrx_word' id='word_1_309' title='bbox 760 2355 925 2375; x_wconf 79' lang='lat' dir='ltr'>suenorum</span> <span class='ocrx_word' id='word_1_310' title='bbox 949 2349 995 2374; x_wconf 72' lang='lat'>5³.</span> <span class='ocrx_word' id='word_1_311' title='bbox 1046 2346 1076 2378; x_wconf 81' lang='lat' dir='ltr'>d)</span> <span class='ocrx_word' id='word_1_312' title='bbox 1093 2354 1183 2377; x_wconf 80' lang='lat' dir='ltr'>quam</span> <span class='ocrx_word' id='word_1_313' title='bbox 1202 2348 1227 2371; x_wconf 89' lang='lat'>1.</span> <span class='ocrx_word' id='word_1_314' title='bbox 1285 2345 1312 2378; x_wconf 86' lang='lat' dir='ltr'>e)</span> <span class='ocrx_word' id='word_1_315' title='bbox 1333 2346 1384 2369; x_wconf 77' lang='lat' dir='ltr'>hac</span> <span class='ocrx_word' id='word_1_316' title='bbox 1404 2352 1468 2369; x_wconf 73' lang='lat' dir='ltr'>voce</span> <span class='ocrx_word' id='word_1_317' title='bbox 1485 2344 1672 2375; x_wconf 70' lang='lat' dir='ltr'>prosequitur</span> <span class='ocrx_word' id='word_1_318' title='bbox 1684 2343 1710 2369; x_wconf 88' lang='lat'>3.</span> 
     </span>
     <span class='ocr_line' id='line_1_40' title="bbox 220 2383 1455 2423; baseline -0.006 -8"><span class='ocrx_word' id='word_1_319' title='bbox 220 2390 243 2423; x_wconf 86' lang='lat' dir='ltr'>f)</span> <span class='ocrx_word' id='word_1_320' title='bbox 265 2390 384 2415; x_wconf 80' lang='lat' dir='ltr'>desinet</span> <span class='ocrx_word' id='word_1_321' title='bbox 404 2396 479 2414; x_wconf 76' lang='lat' dir='ltr'>corr.</span> <span class='ocrx_word' id='word_1_322' title='bbox 503 2390 614 2414; x_wconf 82' lang='lat' dir='ltr'>desinit</span> <span class='ocrx_word' id='word_1_323' title='bbox 638 2391 663 2415; x_wconf 87' lang='lat'>1.</span> <span class='ocrx_word' id='word_1_324' title='bbox 686 2389 805 2413; x_wconf 82' lang='lat' dir='ltr'>desinat</span> <span class='ocrx_word' id='word_1_325' title='bbox 828 2390 853 2413; x_wconf 78' lang='lat'>2.</span> <span class='ocrx_word' id='word_1_326' title='bbox 878 2388 989 2412; x_wconf 83' lang='lat' dir='ltr'>desinit</span> <span class='ocrx_word' id='word_1_327' title='bbox 1011 2388 1040 2412; x_wconf 79' lang='lat'>5.</span> <span class='ocrx_word' id='word_1_328' title='bbox 1064 2386 1110 2411; x_wconf 85' lang='lat' dir='ltr'>5a.</span> <span class='ocrx_word' id='word_1_329' title='bbox 1131 2383 1179 2411; x_wconf 69' lang='grc' dir='ltr'>ὕει’</span> <span class='ocrx_word' id='word_1_330' title='bbox 1202 2385 1312 2410; x_wconf 79' lang='lat' dir='ltr'>desivit</span> <span class='ocrx_word' id='word_1_331' title='bbox 1333 2384 1455 2415; x_wconf 70' lang='lat' dir='ltr'>Hervaq.</span> 
     </span>
    </p>
   </div>
   <div class='ocr_carea' id='block_1_4' title="bbox 222 2459 1713 2896">
    <p class='ocr_par' dir='ltr' id='par_1_8' title="bbox 222 2459 1713 2896">
     <span class='ocr_line' id='line_1_41' title="bbox 225 2459 1713 2507; baseline -0.004 -12"><span class='ocrx_word' id='word_1_332' title='bbox 225 2462 261 2507; x_wconf 90' lang='lat'>1)</span> <span class='ocrx_word' id='word_1_333' title='bbox 291 2464 345 2497; x_wconf 85' lang='lat' dir='ltr'>Cf.</span> <span class='ocrx_word' id='word_1_334' title='bbox 382 2464 603 2497; x_wconf 82' lang='lat' dir='ltr'>Constantin.</span> <span class='ocrx_word' id='word_1_335' title='bbox 638 2464 904 2506; x_wconf 73' lang='lat' dir='ltr'>Porphyrogen.</span> <span class='ocrx_word' id='word_1_336' title='bbox 941 2462 984 2493; x_wconf 89' lang='lat' dir='ltr'>de</span> <span class='ocrx_word' id='word_1_337' title='bbox 1020 2461 1152 2493; x_wconf 87' lang='lat' dir='ltr'>admin.</span> <span class='ocrx_word' id='word_1_338' title='bbox 1188 2461 1272 2503; x_wconf 89' lang='lat' dir='ltr'>imp.</span> <span class='ocrx_word' id='word_1_339' title='bbox 1309 2470 1338 2491; x_wconf 91' lang='lat' dir='ltr'>c.</span> <span class='ocrx_word' id='word_1_340' title='bbox 1374 2459 1439 2499; x_wconf 77' lang='lat'>263</span> <span class='ocrx_word' id='word_1_341' title='bbox 1479 2459 1642 2500; x_wconf 85' lang='lat' dir='ltr'>Hugonis</span> <span class='ocrx_word' id='word_1_342' title='bbox 1678 2461 1713 2490; x_wconf 89' lang='lat' dir='ltr'>et</span> 
     </span>
     <span class='ocr_line' id='line_1_42' title="bbox 222 2506 1712 2551; baseline -0.005 -6"><span class='ocrx_word' id='word_1_343' title='bbox 222 2513 384 2546; x_wconf 85' lang='lat' dir='ltr'>Lotharii</span> <span class='ocrx_word' id='word_1_344' title='bbox 411 2513 551 2545; x_wconf 84' lang='lat' dir='ltr'>tabulas</span> <span class='ocrx_word' id='word_1_345' title='bbox 581 2512 638 2544; x_wconf 86' lang='lat' dir='ltr'>die</span> <span class='ocrx_word' id='word_1_346' title='bbox 668 2513 723 2543; x_wconf 85' lang='lat'>12.</span> <span class='ocrx_word' id='word_1_347' title='bbox 750 2513 841 2544; x_wconf 82' lang='lat' dir='ltr'>Dec.</span> <span class='ocrx_word' id='word_1_348' title='bbox 869 2522 901 2542; x_wconf 82' lang='lat' dir='ltr'>a.</span> <span class='ocrx_word' id='word_1_349' title='bbox 930 2511 999 2542; x_wconf 81' lang='lat'>937</span> <span class='ocrx_word' id='word_1_350' title='bbox 1026 2511 1062 2542; x_wconf 86' lang='lat' dir='ltr'>in</span> <span class='ocrx_word' id='word_1_351' title='bbox 1091 2514 1186 2542; x_wconf 86' lang='lat' dir='ltr'>corte</span> <span class='ocrx_word' id='word_1_352' title='bbox 1214 2518 1304 2551; x_wconf 84' lang='lat' dir='ltr'>quae</span> <span class='ocrx_word' id='word_1_353' title='bbox 1333 2507 1554 2540; x_wconf 81' lang='lat' dir='ltr'>Columbaris</span> <span class='ocrx_word' id='word_1_354' title='bbox 1582 2506 1712 2539; x_wconf 85' lang='lat' dir='ltr'>dicitur</span> 
     </span>
     <span class='ocr_line' id='line_1_43' title="bbox 224 2555 1710 2604; baseline -0.005 -11"><span class='ocrx_word' id='word_1_355' title='bbox 224 2561 325 2594; x_wconf 87' lang='lat' dir='ltr'>datas</span> <span class='ocrx_word' id='word_1_356' title='bbox 353 2562 465 2604; x_wconf 70' lang='lat' dir='ltr'>(Mon.</span> <span class='ocrx_word' id='word_1_357' title='bbox 492 2562 571 2593; x_wconf 86' lang='lat' dir='ltr'>hist.</span> <span class='ocrx_word' id='word_1_358' title='bbox 602 2565 694 2603; x_wconf 88' lang='lat' dir='ltr'>patr.</span> <span class='ocrx_word' id='word_1_359' title='bbox 721 2561 824 2599; x_wconf 85' lang='lat' dir='ltr'>XIII,</span> <span class='ocrx_word' id='word_1_360' title='bbox 852 2560 932 2591; x_wconf 79' lang='lat'>942.</span> <span class='ocrx_word' id='word_1_361' title='bbox 961 2558 1061 2600; x_wconf 80' lang='lat'>944).</span> <span class='ocrx_word' id='word_1_362' title='bbox 1163 2557 1201 2599; x_wconf 82' lang='lat'>2)</span> <span class='ocrx_word' id='word_1_363' title='bbox 1228 2558 1328 2589; x_wconf 89' lang='lat' dir='ltr'>Anno</span> <span class='ocrx_word' id='word_1_364' title='bbox 1359 2556 1429 2589; x_wconf 82' lang='lat'>945</span> <span class='ocrx_word' id='word_1_365' title='bbox 1460 2556 1493 2588; x_wconf 79' lang='lat' dir='ltr'>d.</span> <span class='ocrx_word' id='word_1_366' title='bbox 1520 2556 1624 2588; x_wconf 86' lang='lat' dir='ltr'>Mart.</span> <span class='ocrx_word' id='word_1_367' title='bbox 1654 2555 1710 2587; x_wconf 89' lang='lat'>11.</span> 
     </span>
     <span class='ocr_line' id='line_1_44' title="bbox 222 2605 1711 2651; baseline -0.004 -9"><span class='ocrx_word' id='word_1_368' title='bbox 222 2612 258 2642; x_wconf 90' lang='lat' dir='ltr'>in</span> <span class='ocrx_word' id='word_1_369' title='bbox 292 2611 382 2643; x_wconf 87' lang='lat' dir='ltr'>vivis</span> <span class='ocrx_word' id='word_1_370' title='bbox 417 2614 491 2642; x_wconf 84' lang='lat' dir='ltr'>erat</span> <span class='ocrx_word' id='word_1_371' title='bbox 519 2609 636 2650; x_wconf 80' lang='lat' dir='ltr'>wido,</span> <span class='ocrx_word' id='word_1_372' title='bbox 670 2620 761 2642; x_wconf 85' lang='lat' dir='ltr'>anno</span> <span class='ocrx_word' id='word_1_373' title='bbox 795 2611 966 2651; x_wconf 85' lang='lat' dir='ltr'>sequente</span> <span class='ocrx_word' id='word_1_374' title='bbox 1002 2607 1035 2639; x_wconf 88' lang='lat' dir='ltr'>d.</span> <span class='ocrx_word' id='word_1_375' title='bbox 1067 2607 1122 2638; x_wconf 84' lang='lat'>14.</span> <span class='ocrx_word' id='word_1_376' title='bbox 1149 2606 1257 2638; x_wconf 84' lang='lat' dir='ltr'>Febr.</span> <span class='ocrx_word' id='word_1_377' title='bbox 1291 2607 1469 2638; x_wconf 88' lang='lat' dir='ltr'>Bosonem</span> <span class='ocrx_word' id='word_1_378' title='bbox 1506 2605 1711 2647; x_wconf 85' lang='lat' dir='ltr'>episcopum</span> 
     </span>
     <span class='ocr_line' id='line_1_45' title="bbox 227 2652 1711 2700; baseline -0.005 -9"><span class='ocrx_word' id='word_1_379' title='bbox 227 2659 436 2691; x_wconf 81' lang='lat' dir='ltr'>offendimus</span> <span class='ocrx_word' id='word_1_380' title='bbox 476 2658 618 2700; x_wconf 86' lang='lat' dir='ltr'>(Campi</span> <span class='ocrx_word' id='word_1_381' title='bbox 654 2658 736 2691; x_wconf 86' lang='lat' dir='ltr'>hist.</span> <span class='ocrx_word' id='word_1_382' title='bbox 774 2658 809 2689; x_wconf 87' lang='lat' dir='ltr'>di</span> <span class='ocrx_word' id='word_1_383' title='bbox 844 2658 1021 2690; x_wconf 80' lang='lat' dir='ltr'>Piacenza</span> <span class='ocrx_word' id='word_1_384' title='bbox 1055 2657 1083 2696; x_wconf 95' lang='lat' dir='ltr'>I,</span> <span class='ocrx_word' id='word_1_385' title='bbox 1117 2655 1208 2695; x_wconf 78' lang='lat'>488,</span> <span class='ocrx_word' id='word_1_386' title='bbox 1244 2655 1274 2694; x_wconf 88' lang='grc' dir='ltr'>Ι,</span> <span class='ocrx_word' id='word_1_387' title='bbox 1303 2653 1404 2697; x_wconf 84' lang='lat'>263).</span> <span class='ocrx_word' id='word_1_388' title='bbox 1471 2653 1524 2686; x_wconf 83' lang='lat' dir='ltr'>Of.</span> <span class='ocrx_word' id='word_1_389' title='bbox 1561 2653 1652 2685; x_wconf 85' lang='lat' dir='ltr'>infra</span> <span class='ocrx_word' id='word_1_390' title='bbox 1678 2652 1711 2685; x_wconf 89' lang='lat' dir='ltr'><strong>V</strong></span> 
     </span>
     <span class='ocr_line' id='line_1_46' title="bbox 225 2701 1711 2749; baseline -0.005 -9"><span class='ocrx_word' id='word_1_391' title='bbox 225 2718 254 2740; x_wconf 83' lang='lat' dir='ltr'>c,</span> <span class='ocrx_word' id='word_1_392' title='bbox 279 2707 337 2739; x_wconf 87' lang='lat'>20.</span> <span class='ocrx_word' id='word_1_393' title='bbox 365 2708 423 2738; x_wconf 86' lang='lat'>30.</span> <span class='ocrx_word' id='word_1_394' title='bbox 501 2706 538 2749; x_wconf 88' lang='lat'>3)</span> <span class='ocrx_word' id='word_1_395' title='bbox 566 2707 621 2742; x_wconf 86' lang='lat' dir='ltr'>Cf.</span> <span class='ocrx_word' id='word_1_396' title='bbox 640 2707 696 2739; x_wconf 91' lang='lat' dir='ltr'>III</span> <span class='ocrx_word' id='word_1_397' title='bbox 725 2717 755 2739; x_wconf 88' lang='lat' dir='ltr'>c.</span> <span class='ocrx_word' id='word_1_398' title='bbox 775 2707 833 2739; x_wconf 88' lang='grc'>41.</span> <span class='ocrx_word' id='word_1_399' title='bbox 873 2705 1042 2738; x_wconf 85' lang='lat' dir='ltr'>Rotlinda</span> <span class='ocrx_word' id='word_1_400' title='bbox 1069 2704 1142 2736; x_wconf 78' lang='lat' dir='ltr'>filia</span> <span class='ocrx_word' id='word_1_401' title='bbox 1167 2704 1330 2745; x_wconf 83' lang='lat' dir='ltr'>Hugonis</span> <span class='ocrx_word' id='word_1_402' title='bbox 1357 2703 1451 2745; x_wconf 86' lang='lat' dir='ltr'>regis</span> <span class='ocrx_word' id='word_1_403' title='bbox 1479 2707 1512 2734; x_wconf 82' lang='lat' dir='ltr'>et</span> <span class='ocrx_word' id='word_1_404' title='bbox 1531 2701 1711 2734; x_wconf 81' lang='lat' dir='ltr'>Rotrudae</span> 
     </span>
     <span class='ocr_line' id='line_1_47' title="bbox 225 2751 1713 2798; baseline -0.004 -10"><span class='ocrx_word' id='word_1_405' title='bbox 225 2756 427 2788; x_wconf 84' lang='lat' dir='ltr'>comitissae</span> <span class='ocrx_word' id='word_1_406' title='bbox 464 2766 554 2798; x_wconf 86' lang='lat' dir='ltr'>quae</span> <span class='ocrx_word' id='word_1_407' title='bbox 583 2760 617 2788; x_wconf 87' lang='lat' dir='ltr'>et</span> <span class='ocrx_word' id='word_1_408' title='bbox 643 2756 739 2788; x_wconf 85' lang='lat' dir='ltr'>Roza</span> <span class='ocrx_word' id='word_1_409' title='bbox 766 2756 885 2797; x_wconf 88' lang='lat' dir='ltr'>nupsit</span> <span class='ocrx_word' id='word_1_410' title='bbox 911 2753 1088 2786; x_wconf 81' lang='lat' dir='ltr'>Elisiardo</span> <span class='ocrx_word' id='word_1_411' title='bbox 1117 2753 1247 2792; x_wconf 86' lang='lat' dir='ltr'>comiti,</span> <span class='ocrx_word' id='word_1_412' title='bbox 1276 2752 1339 2785; x_wconf 83' lang='lat' dir='ltr'>cfr.</span> <span class='ocrx_word' id='word_1_413' title='bbox 1366 2752 1529 2793; x_wconf 85' lang='lat' dir='ltr'>Hugonis</span> <span class='ocrx_word' id='word_1_414' title='bbox 1557 2751 1713 2783; x_wconf 84' lang='lat' dir='ltr'>chartam</span> 
     </span>
     <span class='ocr_line' id='line_1_48' title="bbox 225 2798 1711 2847; baseline -0.003 -11"><span class='ocrx_word' id='word_1_415' title='bbox 225 2815 255 2836; x_wconf 85' lang='lat' dir='ltr'>a.</span> <span class='ocrx_word' id='word_1_416' title='bbox 284 2804 353 2835; x_wconf 85' lang='lat'>945</span> <span class='ocrx_word' id='word_1_417' title='bbox 382 2804 492 2847; x_wconf 73' lang='lat' dir='ltr'>(Mon.</span> <span class='ocrx_word' id='word_1_418' title='bbox 521 2804 601 2837; x_wconf 90' lang='lat' dir='ltr'>hist.</span> <span class='ocrx_word' id='word_1_419' title='bbox 629 2809 717 2847; x_wconf 84' lang='lat' dir='ltr'>patr.</span> <span class='ocrx_word' id='word_1_420' title='bbox 745 2804 850 2843; x_wconf 90' lang='lat' dir='ltr'>XIII,</span> <span class='ocrx_word' id='word_1_421' title='bbox 879 2803 976 2844; x_wconf 82' lang='lat'>982).</span> <span class='ocrx_word' id='word_1_422' title='bbox 1053 2801 1325 2843; x_wconf 81' lang='lat' dir='ltr'>4)Mem1eben.</span> <span class='ocrx_word' id='word_1_423' title='bbox 1400 2799 1437 2841; x_wconf 68' lang='lat'>5)</span> <span class='ocrx_word' id='word_1_424' title='bbox 1458 2798 1711 2842; x_wconf 85' lang='lat' dir='ltr'>Quedlinburg.</span> 
     </span>
     <span class='ocr_line' id='line_1_49' title="bbox 226 2851 839 2896; baseline 0.003 -13"><span class='ocrx_word' id='word_1_425' title='bbox 226 2851 263 2896; x_wconf 82' lang='lat'>6)</span> <span class='ocrx_word' id='word_1_426' title='bbox 293 2852 390 2885; x_wconf 75' lang='lat' dir='ltr'>obiit</span> <span class='ocrx_word' id='word_1_427' title='bbox 419 2852 453 2886; x_wconf 84' lang='lat' dir='ltr'>d.</span> <span class='ocrx_word' id='word_1_428' title='bbox 482 2853 536 2885; x_wconf 87' lang='lat'>14.</span> <span class='ocrx_word' id='word_1_429' title='bbox 564 2854 669 2885; x_wconf 83' lang='lat' dir='ltr'>Mart.</span> <span class='ocrx_word' id='word_1_430' title='bbox 696 2863 728 2885; x_wconf 80' lang='lat' dir='ltr'>a.</span> <span class='ocrx_word' id='word_1_431' title='bbox 758 2852 839 2885; x_wconf 83' lang='lat'>968.</span> 
     </span>
    </p>
   </div>
  </div>
 </body>
</html>
