1772 3217
217 207 260 239 28
436 208 738 241 LIUDPRANDI
765 209 1110 242 ANTAPODOSIS.
1160 210 1254 242 LIB.
1283 210 1329 242 11.
1386 211 1488 242 1-3,

382 318 449 359 De
483 319 601 360 sciffo
631 334 758 360 aureo
790 334 814 359 a
843 334 942 373 rege
971 319 1212 361 Flamberto
1243 320 1409 362 tradito.

385 374 511 426 Quod
530 373 762 415 Flainberti
782 374 954 415 consilio
972 375 1254 429 Berengarius
1274 390 1351 416 rex
1373 376 1425 417 sit
1439 376 1697 418 interfectus.

381 428 449 470 De
478 430 589 484 regis
621 430 824 484 sanguine
854 444 986 484 usque
1015 430 1059 469 in
1088 445 1260 485 presens
1289 440 1457 487 tempus
1485 432 1529 472 in
1558 431 1698 487 lapide

380 492 665 538 permanente.

273 539 337 580 73.
382 540 450 580 De
480 538 637 579 Milone
666 538 799 580 milite
834 540 907 594 qui
945 554 1088 594 regem
1119 540 1424 596 Berengarium
1453 541 1697 595 vindicavit,

383 602 423 635 et
451 602 549 649 post
576 594 764 635 triduum
795 595 884 635 eius
915 595 1202 636 interfectores
1233 597 1463 651 suspendit.

272 319 325 470 1:333

57 787 194 821 ‘p-287-
550 781 799 824 *INCIPIT
828 782 1003 823 LIBER
1033 782 1362 825 SECUNDUS.

55 894 198 959 Febr-9⁵03:
326 886 362 925 1.
421 885 652 941 Postquam
693 884 833 926 vitalis
872 884 985 926 calor
1014 884 1180 926 Arnulfi
1210 887 1322 942 regis
1362 887 1552 928 membra
1581 887 1699 930 dese-

209 955 319 993 rens,
350 940 533 982 reddidit
564 955 717 996 corpus
748 942 956 994 exanime,
996 956 1098 982 suus
1128 942 1262 997 ipsius
1293 942 1403 983 filius
1433 941 1699 984 Hulodoicus

210 1010 288 1037 rex
325 997 463 1037 emitis
500 1011 525 1037 a
561 995 729 1052 populis
774 996 1003 1038 ordinatur.
1073 997 1198 1038 Tanti
1238 997 1419 1053 denique
1460 1012 1582 1039 casus
1619 1000 1699 1040 viri

208 1052 371 1092 vicinos
392 1052 650 1107 Hungarios,
682 1053 793 1094 sicut
821 1067 898 1094 nec
917 1054 962 1093 in
982 1059 1069 1094 toto
1093 1053 1194 1094 orbe
1215 1053 1429 1108 degentes,
1460 1053 1588 1095 latere
1612 1069 1698 1095 non

208 1108 357 1161 potuit.
419 1107 641 1163 Siquidem
670 1107 770 1148 loeti
800 1108 888 1149 dies
920 1109 1010 1149 eius
1040 1109 1090 1149 iis
1120 1109 1200 1150 fuit
1235 1110 1349 1150 omni
1378 1109 1605 1151 festivitate
1634 1110 1697 1151 iu-

210 1162 400 1216 cundior,
431 1164 547 1217 gazis
579 1163 774 1204 omnibus
805 1164 1070 1218 prestantior.
1130 1165 1245 1216 Quid
1274 1164 1431 1219 igitur?

321 1219 359 1259 2.
418 1219 561 1259 Primo
592 1233 777 1274 namque
807 1220 953 1260 mortis
984 1219 1110 1260 huius
1140 1220 1344 1275 gnatique
1375 1220 1442 1260 sui
1472 1220 1697 1262 ordinatio-

208 1273 274 1314 nis
304 1287 428 1326 anno,
458 1289 690 1329 permagno
721 1273 895 1316 collecto
926 1275 1127 1327 exercitu,
1158 1275 1486 1316 Maravanorum
1515 1282 1698 1330 gentem,

211 1342 340 1384 quam
374 1330 542 1371 virtutis
585 1344 732 1371 eorum
772 1330 1041 1371 amminiculo
1080 1345 1157 1371 rex
1191 1330 1397 1371 Arnulfus
1436 1329 1697 1384 subdiderat,

211 1384 293 1425 sibi
322 1386 568 1438 vendicant3
598 1386 904 1441 Bagoariorum
935 1387 1060 1427 etiam
1089 1385 1194 1428 fines
1217 1393 1446 1441 occupant3
1479 1393 1618 1427 castra
1637 1387 1697 1428 dj-

210 1448 350 1493 ruunt‚
373 1440 546 1482 eclesias
566 1442 663 1496 igne
694 1449 958 1493 consumunt,
989 1440 1168 1497 populos
1198 1442 1403 1497 iugulant,
1434 1448 1474 1483 et
1493 1449 1541 1483 ut
1561 1443 1696 1498 magis

210 1496 433 1552 magisque
464 1497 701 1549 timeantur,
732 1497 1047 1538 interfectorum
1079 1511 1169 1538 sese
1201 1498 1405 1552 sanguine
1434 1503 1583 1552 potant
1597 1506 1624 1538 ¹.

320 1552 357 1593 3.
417 1551 681 1593 Hulodoicus
717 1553 859 1608 itaque
896 1567 973 1593 rex
985 1584 995 1605 ,
1033 1553 1171 1607 gentis
1210 1567 1284 1594 sue
1325 1552 1698 1608 depopulationem

206 1606 416 1663 huiusque
452 1607 700 1663 intellegens
740 1607 1051 1660 crudelitatem,
1092 1623 1266 1649 suorum
1307 1609 1496 1649 omnium
1532 1609 1696 1650 animos

204 1661 283 1703 hac
314 1663 537 1705 formidine
567 1663 814 1717 inflammat,
845 1671 892 1705 ut
922 1664 957 1704 si
979 1678 1234 1719 quemquam
1255 1663 1365 1705 bello
1387 1663 1549 1717 eodem,
1582 1664 1696 1719 quod

206 1732 302 1759 cum
332 1719 383 1760 iis
404 1726 575 1760 acturus
597 1726 718 1773 esset,
751 1720 897 1761 deesse
920 1720 1193 1774 contingeret,
1222 1720 1373 1775 laqueo
1394 1719 1544 1775 procul
1564 1719 1696 1761 dubio

203 1774 334 1815 vitam
372 1774 510 1816 finiret
524 1783 551 1815 2.
610 1774 936 1817 Innumerabilis
977 1775 1159 1830 denique
1199 1774 1269 1815 illa
1307 1775 1473 1830 gentisa
1510 1776 1694 1830 pessime

204 1829 429 1871 multitudo
471 1831 602 1885 copiis
640 1830 766 1871 huius
803 1831 1001 1871 maximis
1041 1831 1209 1872 obviam
1246 1845 1475 1886 properare
1511 1831 1693 1872 festinat.

202 1885 294 1926 Nec
324 1886 470 1927 videas
501 1887 711 1928 sitientem
741 1887 924 1927 animam
954 1886 1168 1927 ardentius
1199 1885 1395 1927 haustum
1425 1886 1562 1927 laticis
1592 1886 1693 1941 geli-

203 1942 295 1994 dae,
327 1955 453 1997 quam
474 1941 596 1998 prelii
617 1942 729 1983 diem
750 1948 919 1997 gentem
939 1942 1047 1982 hanc
1070 1941 1284 1983 crudelem
1304 1948 1524 1997 appetere,
1553 1956 1693 1997 neque

203 1997 316 2038 enim
347 1997 456 2038 hanc
487 1997 602 2038 aliud
632 2012 761 2053 quam
792 1998 1016 2039 dimicasse
1046 1998 1175 2038 iuvat.
1228 1998 1287 2038 Ut
1315 2004 1458 2038 autem
1488 2013 1543 2038 ex
1569 1997 1690 2051 libro,

203 2053 275 2108 qui
305 2052 357 2094 de
388 2053 550 2107 origine
579 2053 704 2094 huius
735 2052 980 2094 inscribitur
992 2060 1020 2106 3,
1053 2053 1195 2105 didici,
1225 2053 1376 2094 horum
1405 2059 1561 2094 matres
1589 2068 1692 2094 mox

201 2109 342 2164 pueris
373 2108 496 2150 editis
519 2109 640 2150 ‘ferro
661 2110 904 2150 acutissimo
918 2109 935 2135 ¹³
958 2108 1111 2150 faciem
1132 2115 1288 2161 secant,
1318 2107 1479 2150 scilicet
1498 2115 1557 2162 ut,
1578 2114 1692 2150 ante-

203 2179 331 2220 quam
374 2163 495 2205 lactis
547 2165 804 2206 nutrimenta
847 2165 1102 2219 percipiant,
1157 2163 1379 2206 vulnerum
1424 2163 1691 2205 tolerantiam

203 2219 346 2261 subire
378 2223 606 2275 cogantur'.
664 2221 781 2262 Dant
809 2220 908 2261 huic
944 2220 1167 2261 assertioni
1202 2219 1330 2261 fidem
1366 2219 1542 2261 vulnera
1582 2234 1691 2275 quae

200 2290 277 2330 pro
328 2275 606 2318 defitientium
657 2275 799 2318 dolore
843 2277 1157 2332 propinquumc
1200 2276 1396 2318 vivorum
1441 2275 1689 2331 corporibus

199 2331 461 2387 infliguntur.
531 2331 906 2387 Sanguinemqued
942 2338 1069 2388 prout
1113 2329 1239 2373 ἄθεοι
1282 2333 1349 2372 καὶ
1389 2331 1556 2384 ἀσεβοῖς
1599 2345 1690 2372 αντι

0 2390 303 2428 ἐτῒίωῐῑιΞ-των*
334 2389 537 2444 δακρειων
567 2387 678 2429 athei
707 2387 762 2429 ke
792 2388 930 2428 asevis
959 2393 1053 2428 ante
1093 2394 1164 2428 ton
1203 2387 1391 2439 dacrion,
1431 2387 1475 2428 id
1506 2394 1568 2428 est
1599 2387 1688 2428 sine

201 2526 230 2555 a)
253 2527 295 2551 hic
318 2527 469 2558 quaternio
498 2526 596 2551 excidit
620 2527 649 2551 in
672 2527 697 2552 2.
722 2532 810 2557 usque
832 2533 895 2557 cap.
921 2526 966 2551 34.
990 2526 1029 2552 in.
1137 2523 1168 2556 b>
1192 2525 1386 2550 accutissimo
1409 2526 1435 2550 1.
1538 2523 1564 2556 c)
1588 2525 1688 2556 propi-

201 2573 294 2597 quum
318 2568 343 2591 1.
453 2564 483 2597 d)
507 2565 665 2596 Sanguine
686 2568 786 2596 neque
810 2566 835 2591 1.
858 2565 969 2589 duabus
990 2565 1080 2596 lineis,
1099 2565 1197 2595 priori
1219 2564 1353 2588 vocabulo
1375 2564 1453 2588 ultra
1475 2564 1598 2595 spatium
1615 2570 1685 2595 pro-

200 2605 291 2630 ducto,
322 2606 363 2629 ita
393 2608 423 2628 ue
445 2605 538 2629 srriha
568 2608 654 2629 totam
683 2611 773 2628 vocem
804 2605 832 2628 in
857 2605 953 2635 prima
982 2604 1057 2628 linea
1084 2603 1203 2628 scribere
1235 2609 1393 2635 aqyressus,
1422 2603 1516 2634 spatio
1546 2603 1686 2635 deficiente

200 2645 314 2668 ultimas
334 2643 458 2675 syllabas
479 2644 569 2668 lineae
591 2644 718 2675 sequenti
739 2644 875 2669 intulerit.

202 2748 237 2791 1)
267 2749 320 2782 Cf.
354 2751 529 2792 Reginon.
567 2750 687 2782 chron.
724 2749 811 2781 889:
854 2749 1016 2782 carnibus
1051 2748 1236 2791 siquidem,
1270 2752 1308 2780 ut
1341 2747 1435 2779 fama
1467 2750 1531 2787 est,
1565 2746 1683 2779 crudis

197 2802 399 2833 vescuntur.
502 2797 538 2841 2)
568 2798 620 2831 Of.
647 2798 737 2830 infra
766 2809 794 2830 c.
824 2798 880 2831 25.
982 2796 1018 2840 3)
1047 2797 1209 2830 Iordanis
1238 2795 1280 2828 de
1308 2797 1442 2838 origine
1471 2795 1682 2838 actibusque

198 2847 366 2879 Getarum
400 2857 429 2879 c.
457 2847 512 2879 24.
