1902 3200
255 203 550 238 LIUDPRANDI
577 202 920 235 ANTAPODOSIS.
973 203 1066 235 LIB.
1093 204 1121 236 Ι.
1174 205 1328 237 32-33,
1496 209 1537 238 19

56 330 235 372 persepe
277 314 436 355 audivi.
509 312 593 354 Sed
637 312 700 352 his
744 313 952 353 ommissis
1000 311 1055 352 ad
1103 314 1298 353 narrandi
1351 316 1538 357 ordinem

0 373 2 376 ’
54 371 288 413 redeamus.

167 425 234 467 32.
278 424 372 465 Rex
391 422 594 463 Arnulfus
624 422 820 464 desiderii
851 423 915 463 sui
937 436 1110 481 compos
1132 423 1319 476 effectus,
1341 427 1536 479 persequi

57 480 309 523 WVidonem¹
352 484 437 519 non
476 478 620 529 desiit,
660 478 988 533 profectusquea
1028 478 1312 531 Camerinum,
1353 487 1536 520 castrum
1553 494 1608 526 (9.)

55 534 265 576 vocabulo
306 540 348 575 et
386 540 536 574 natura
566 533 756 574 Firmum
768 541 796 586 ²,
835 534 878 573 in
915 547 997 588 quo
1029 532 1225 575 VVidonis
1266 542 1401 573 uxor-³
1435 533 1618 595 erat,{{'⁶:

57 589 233 632 obsedit.
292 588 420 631 Wido
450 595 592 629 autem
624 589 667 628 in
696 590 866 630 incertis
895 588 1017 629 latuit
1053 588 1168 629 locis.
1228 589 1365 643 Igitur
1403 589 1561 643 presa?
1583 578 1623 596 ‘U'

55 654 145 687 tum
176 651 372 696 castrum,
403 645 571 685 nomine
602 651 643 685 ct
672 652 821 685 natura
849 644 1053 695 Firmum,
1094 643 1202 684 vallo
1243 645 1539 697 circumdatur,

56 701 197 742 omnia
227 699 430 742 bellorum
462 700 751 751 instrumenta,
794 699 947 754 quibus
978 700 1073 754 capi
1110 700 1256 754 possit,
1295 701 1538 754 paranturh.

56 755 249 811 Cumque
270 755 465 796 Widonis
494 770 603 795 uxor
632 756 795 808 magnis
827 755 1013 809 undiquc
1033 755 1239 809 angustiis
1265 761 1539 810 premeretur,

55 818 97 852 et
135 810 342 852 evadendi
382 825 477 866 spes
518 810 575 850 illi
617 810 868 851 omnimodis
908 816 1153 865 negaretm,
1200 824 1349 850 causas
1393 811 1539 851 mortis

53 867 196 921 regiae
225 867 450 921 vipperina
481 867 593 920 cepit
631 865 857 906 calliditate
895 881 949 906 ex
981 866 1129 907 uirerc.
1188 864 1387 907 Accitum
1424 880 1539 906 nam-

56 937 138 977 que
179 920 233 962 ad
264 936 308 962 se
345 921 556 976 quendam
602 920 766 961 Arnulfi
807 922 917 976 regis
974 921 1331 962 amiliarissimum
1373 923 1539 976 magnis

55 991 152 1018 cum
183 977 428 1017 muneribus
458 983 592 1030 rogat,
624 984 671 1017 ut
700 992 743 1017 se
773 977 956 1017 adiuvet.
1006 977 1090 1028 Qui
1122 991 1218 1017 cum
1250 991 1293 1017 se
1314 991 1399 1017 non
1420 976 1540 1017 aliter

53 1046 178 1087 posse
214 1037 449 1083 testaretur,
488 1031 568 1071 nisi
606 1032 818 1072 civitatem
850 1032 1009 1072 domini
1039 1032 1104 1071 sui
1145 1031 1329 1073 traderet
1368 1032 1538 1084 dicioni,

52 1087 124 1128 illa
162 1087 288 1128 etiam
326 1093 452 1142 atque
491 1087 618 1127 etiam
658 1087 749 1126 auri
793 1086 980 1141 pondera
1017 1100 1102 1126 non
1141 1086 1277 1127 solum
1321 1086 1539 1142 pollicens,

51 1157 199 1184 verum
230 1143 355 1183 etiam
385 1143 428 1182 111
459 1142 764 1196 presentiarum
795 1141 997 1194 tribuens,
1037 1148 1139 1194 orat,
1179 1148 1226 1183 ut
1255 1141 1407 1197 poculo
1439 1156 1539 1197 quo-

52 1197 150 1239 dam
179 1198 233 1239 ab
264 1212 313 1239 ea
342 1196 423 1238 sibi
453 1196 601 1238 collato
632 1196 850 1239 dominum
881 1212 1004 1237 suum
1034 1212 1178 1251 regem
1208 1203 1393 1252 potaret3
1425 1197 1539 1252 quod

50 1269 136 1295 non
164 1254 309 1294 mortis
340 1252 574 1308 periculum
604 1253 734 1304 daret,
774 1252 848 1293 sed
886 1253 1037 1294 mentis
1076 1253 1283 1294 feritatem
1323 1252 1538 1294 mulceret.

51 1309 173 1361 Quae
213 1309 353 1361 etiam,
395 1309 481 1348 suis
521 1314 568 1349 ut
605 1307 733 1349 fidem
779 1308 902 1350 dictis
933 1308 1141 1364 preberet,
1181 1316 1278 1349 ante
1310 1309 1374 1348 sui
1404 1309 1538 1363 ipsius

49 1365 306 1420 presentiam
326 1363 406 1404 hoc
426 1378 557 1404 111111111
579 1378 750 1404 suorum
771 1371 891 1419 potat
910 1378 1149 1417 servorum,
1172 1364 1245 1419 qui
1265 1365 1389 1404 unius
1410 1363 1537 1404 horae

51 1420 187 1475 spatio
218 1420 463 1475 conspectui
484 1419 608 1460 huius
628 1419 814 1472 adstans,
846 1434 971 1460 sanus
992 1420 1210 1462 abscessit.
1251 1419 1411 1461 Verum
1432 1420 1536 1460 veri-

51 1475 189 1517 dicam
218 1475 405 1516 Maronis
418 1481 448 1528 ⁴,
486 1475 684 1530 inquam,
724 1475 835 1515 illius
876 1476 1125 1516 sententiam
1154 1475 1198 1516 in
1226 1475 1413 1516 medium
1443 1489 1537 1530 pro·

49 1531 254 1572 feramus:

162 1584 281 1626 ‘Auri
311 1600 430 1626 sacra
458 1585 590 1626 fames
622 1586 723 1641 quid
753 1600 836 1626 non
866 1585 1059 1626 mortalia
1089 1592 1262 1640 pectora
1292 1586 1454 1640 cogis’?

51 1641 277 1696 Sumptum
298 1655 395 1681 nam
429 1656 480 1681 110
501 1640 649 1682 loetale
670 1641 869 1696 poculum
890 1640 1065 1682 festinus
1086 1641 1174 1695 regi
1196 1642 1404 1696 propinat.
1440 1641 1536 1693 Quo

49 1703 240 1752 accepto,
270 1702 387 1738 tanta
428 1710 527 1736 111110
560 1696 781 1738 confestim
813 1697 948 1736 somni
977 1697 1112 1738 virtus
1142 1698 1307 1748 invasit,
1339 1697 1536 1751 quatinus

49 1753 184 1794 tocius
216 1753 426 1793 exercitus
458 1752 656 1805 strepitus
688 1766 784 1793 eum
806 1751 944 1792 triduo
966 1751 1167 1806 evigilare
1188 1753 1392 1807 nequiret.
1436 1752 1535 1793 Fer-

48 1815 117 1850 tur
136 1814 291 1859 autem,
322 1807 524 1862 quoniam
546 1806 647 1847 dum
668 1806 893 1847 familiares
914 1807 1027 1847 hunc
1047 1807 1173 1848 modo
1195 1808 1387 1862 strepitu,
1408 1807 1534 1847 modo

48 1871 164 1905 tactu
194 1863 488 1918 inquietarent,
520 1863 675 1917 apertis
707 1862 839 1903 oculis
869 1862 928 1903 nil
966 1863 1132 1915 sentire,
1170 1862 1227 1902 nil
1264 1862 1382 1918 loqui
1411 1877 1535 1918 posse

47 1919 243 1975 perfecte.
302 1919 470 1960 Positus
491 1924 633 1959 tamen
653 1918 697 1958 in
717 1918 868 1959 mentis
889 1932 1042 1959 exessu
1056 1925 1084 1971 ⁵,
1112 1919 1323 1973 mugitum
1344 1917 1534 1969 reddere,

46 1989 132 2016 non
160 1973 292 2016 verba
321 1974 457 2027 edere,
488 1973 726 2014 videbatur.
786 1973 926 2014 Huius
968 1974 1126 2030 quippe
1163 1974 1224 2015 rei
1264 1974 1381 2014 accio
1418 1988 1535 2028 repe-

48 2029 148 2072 dare
179 2045 324 2071 omnes
355 2029 569 2085 compulit,
604 2044 688 2070 non
719 2043 922 2084 pugnare.

158 2087 225 2128 33.
272 2085 409 2127 Credo
440 2092 594 2138 autem,
633 2084 859 2126 Arnulfum
895 2099 1038 2141 regem
1079 2086 1190 2125 iusta
1220 2085 1355 2126 severi
1383 2083 1535 2124 iudicis

47 2141 289 2182 huiusmodi
308 2147 471 2196 pestem
491 2141 717 2181 incurrisse
739 2155 928 2182 censura.
970 2140 1192 2182 Secundae
1213 2140 1325 2181 enim
1345 2154 1411 2181 res
1433 2138 1534 2180 dum

47 2198 273 2252 imperium
302 2196 427 2237 huius
458 2196 607 2237 ubiubi
644 2197 787 2251 magni
826 2196 1022 2248 facerent,
1062 2196 1207 2237 virtuti
1244 2209 1346 2236 suae
1384 2202 1535 2236 cuncta

48 2252 222 2305 tribuit,
270 2267 354 2293 non
404 2251 593 2293 debitum
639 2248 916 2306 omnipotenti
959 2252 1038 2293 deo
1087 2252 1289 2292 honorem
1337 2249 1534 2292 reddidit.

51 2308 300 2350 Sacerdotes
331 2307 399 2349 dei
429 2308 560 2349 vincti
595 2306 883 2360 trahebantur,
924 2321 1067 2348 sacrae
1107 2307 1293 2362 virgines
1323 2307 1365 2348 vi
1396 2305 1535 2360 obpri-

49 2364 294 2416 mebantur,
339 2363 587 2418 coniugatae
631 2362 911 2404 violabantm·.
983 2363 1132 2418 Neque
1177 2363 1288 2404 enim
1332 2361 1534 2403 ecclesiae

50 2419 390 2475 confugientibus
421 2425 616 2475 poterant
646 2433 736 2460 esse
765 2418 944 2473 asylum.
993 2419 1044 2459 In
1074 2418 1138 2459 his
1168 2431 1350 2473 namque
1381 2416 1534 2457 simbo-

51 2592 80 2625 a)
104 2593 302 2625 profectuque
326 2595 352 2619 1.
432 2592 463 2626 b)
486 2597 610 2631 paratur
634 2595 658 2618 1.

54 2733 89 2775 1)
116 2735 224 2767 Wido
257 2738 338 2766 ante
373 2735 521 2767 Romam
560 2739 699 2778 captam
726 2745 759 2767 a.
786 2733 857 2765 894
884 2733 1068 2766 defunctus
1105 2737 1190 2765 erat.
1365 2732 1401 2773 2)
1429 2731 1534 2764 hodie

51 2783 190 2815 Fermo.
288 2783 326 2826 3)
351 2783 548 2826 Ageltruda
574 2784 789 2827 imperatrix.
890 2782 928 2824 4)
954 2783 1041 2814 Aen.
1068 2782 1137 2821 ΙΙΙ,
1164 2781 1222 2813 56.
1251 2781 1308 2814 57.
1395 2778 1433 2821 5)
1452 2781 1474 2813 i.
1503 2791 1533 2811 e.

49 2841 208 2864 excessu.

1156 2895 1193 2926 [ἐὺ
