1853 3209
278 203 323 235 38
473 203 773 235 LIUDPRANDI
799 201 1142 235 ANTAPODOSIS.
1194 202 1288 235 LIB.
1317 201 1365 233 11.
1418 201 1571 233 24—26.

99 326 263 352 919—932.
278 314 401 355 novis
431 314 493 355 uti
521 312 687 368 legibus
718 313 849 367 cupit.
890 312 1044 366 'Copiis
1073 313 1202 366 igitur
1231 311 1418 353 collectis
1447 327 1533 353 non
1562 310 1760 363 minimis,

279 368 576 421 ascendamus3
608 374 942 422 scrutemurque,
973 366 1114 408 debita
1143 374 1284 408 utrum
1314 383 1391 409 rex
1410 368 1638 409 Heinricus
1659 365 1761 407 velit

279 425 440 467 tributa
468 423 749 479 persolvere1.
808 421 935 473 Quod
965 422 1000 462 si
1029 435 1125 474 non,
1155 429 1203 463 ut
1233 423 1456 476 credimus,
1486 422 1658 478 regibus
1679 421 1760 461 dis-

279 481 406 522 sentit
435 494 459 519 a
489 479 650 530 ceteris,
688 491 867 531 regnum
907 477 996 518 eius
1034 476 1136 518 cede
1176 484 1303 533 atque
1340 479 1539 519 inmensis
1575 477 1761 532 depopu-

276 535 412 577 letura
441 533 660 575 incendiis.
719 532 815 572 Non
844 532 1164 586 Bagoariorum,
1197 532 1272 573 sed
1302 533 1534 583 Saxonum,
1574 532 1648 573 ubi
1684 546 1761 572 rex

276 592 367 645 ipse
412 596 487 642 est,
530 588 667 644 primo
710 587 814 628 fines
860 601 1136 642 occupemus,
1179 594 1236 640 ut,
1282 589 1317 629 si
1359 589 1479 641 forte,
1524 586 1639 643 quod
1676 601 1761 627 non

277 659 509 700 speramus,
542 658 798 698 congregare
829 643 1064 684 exercitum
1094 641 1206 695 velit,
1237 658 1374 698 neque
1395 644 1447 686 de
1468 643 1759 697 Lotharingia,

276 715 414 756 neque
444 701 497 741 de
526 700 723 751 Francia,
753 713 891 754 neque
923 698 974 739 de
1007 697 1175 750 Suevia,
1206 712 1343 753 neque
1380 700 1432 740 de
1462 699 1684 754 Bagoaria,
1723 699 1761 739 ei

276 763 441 797 mature
472 755 721 796 occim‘ereb
751 754 897 809 possit.
943 752 1029 794 Sed
1057 760 1098 794 et
1120 753 1338 794 Saxonum
1359 769 1409 795 ac
1431 754 1761 809 Turingiorum⁰

276 818 387 853 terra
416 810 538 851 facile
569 808 865 865 depopulatur,
906 823 1013 864 quae
1049 823 1127 850 nec
1168 807 1382 850 montibus
1412 809 1557 851 adiuta
1586 823 1665 850 nec
1694 807 1761 848 fir-

276 867 475 908 missimis
506 866 672 921 oppidis
703 871 767 906 est
795 865 980 907 munita'.

196 935 261 962 933.
389 922 455 962 25.
499 922 594 962 Rex
623 921 852 962 Heinricus
882 920 1137 974 gravissima
1165 919 1405 961 valetudine
1436 920 1648 961 detinetur
1661 926 1688 971 ²,
1722 924 1763 960 et

277 977 595 1032 Hungarioruin
626 977 664 1017 ei
694 976 901 1017 adventus
930 976 1124 1030 proxime
1150 976 1379 1016 nuntiatur.
1438 975 1526 1016 Vix
1555 974 1762 1016 finetenus

277 1033 539 1074 nuntiantisd
569 1031 700 1073 verba
729 1031 933 1083 audierat,
965 1045 1061 1071 cum
1093 1030 1262 1072 directis
1292 1045 1368 1086 per
1399 1030 1628 1072 Saxoniam
1658 1044 1763 1070 nun-

276 1089 359 1141 tiis,
389 1095 487 1144 post
515 1087 787 1143 quatriduum
819 1093 1028 1142 quotquot
1063 1093 1228 1141 poterat
1267 1086 1437 1141 capitali
1476 1086 1684 1127 sententia
1719 1100 1763 1127 se

277 1143 394 1185 adire
426 1142 704 1184 commendat.
762 1142 1036 1183 Validissimo
1074 1142 1205 1196 igitur
1240 1157 1317 1197 per
1348 1142 1624 1198 quatriduum
1666 1155 1763 1182 con-

277 1206 453 1254 gregato
499 1199 702 1250 exercitu,
750 1224 801 1228 —-
847 1205 910 1238 est
954 1198 1064 1239 enim
1111 1197 1330 1238 Saxonum
1374 1205 1494 1238 mose
1525 1195 1761 1237 laudandus

277 1261 404 1310 atque
442 1253 728 1306 immitandus,
770 1254 966 1308 quatinus
1002 1268 1160 1294 annum
1198 1260 1295 1308 post
1334 1268 1465 1293 unum
1505 1259 1631 1308 atque
1662 1251 1763 1292 duo-

278 1309 492 1351 decimum
509 1310 666 1350 nemini
682 1307 864 1350 militum
880 1308 989 1350 bello
1007 1308 1152 1350 deesse
1169 1310 1385 1363 contingat
1404 1335 1460 1339 -
1476 1309 1554 1350 etsi
1575 1307 1762 1362 corporis

277 1365 489 1406 invalidus
514 1365 687 1417 viribus,
719 1365 871 1406 mentis
891 1372 1034 1405 tamen
1054 1365 1203 1418 vigore
1226 1365 1450 1417 animatus,
1480 1370 1607 1419 prout
1631 1362 1764 1404 valuit

277 1435 460 1476 aequum
493 1420 751 1472 conscendit,
794 1427 919 1475 atque
958 1418 1142 1461 collectis
1182 1420 1226 1459 in
1262 1434 1396 1460 unum
1433 1420 1581 1475 copiis,
1619 1418 1763 1459 huius-

278 1476 394 1517 modi
423 1491 493 1517 eas
522 1476 663 1517 verbis
693 1476 748 1516 ad
776 1475 995 1530 pugnandi
1025 1475 1185 1516 rabiem
1217 1475 1441 1515 exitavitss:

334 1531 400 1573 26.
446 1531 610 1572 ‘Inclita
640 1531 860 1572 Saxonum
1041 1529 1134 1571 Ceu
1163 1529 1228 1571 leo
1258 1529 1486 1571 frendens4

446 1586 566 1628 Bella
595 1602 672 1642 per
701 1587 923 1627 innumera.
1044 1585 1160 1626 Gens
1191 1592 1281 1626 erat
1311 1585 1422 1626 olim.

447 1642 619 1684 Restitit
648 1642 726 1683 hec
756 1641 916 1682 Karolo
1041 1641 1154 1682 Ense
1184 1648 1371 1694 cruento,

447 1698 533 1749 Qui
563 1697 735 1739 sibimet
763 1704 898 1739 totum
1042 1696 1259 1737 Straverat
1284 1695 1474 1749 orbemf;

367 1765 387 1796 5
448 1753 593 1808 Fugiit
621 1753 691 1794 hio
720 1753 858 1794 victus
1041 1752 1191 1792 Victor
1219 1752 1379 1807 ubique
1390 1760 1419 1792 ⁵.

449 1809 576 1860 Quod
606 1808 685 1849 sibi
716 1822 791 1848 nos
822 1808 988 1849 rediens
1042 1806 1272 1848 Subdiditg
1303 1822 1462 1859 omnes,

447 1864 498 1905 Id
529 1864 689 1905 domini
719 1864 855 1919 pietas
1040 1862 1195 1915 Gessit,
1227 1862 1280 1904 ob
1311 1862 1391 1904 hoc
1424 1860 1538 1918 quod

449 1920 685 1974 Participes
716 1918 852 1960 voluit
1041 1918 1148 1959 Esse
1180 1918 1340 1959 salutis.

447 1975 572 2015 Nunc
603 1975 714 2015 mala
735 1975 975 2015 Turcorum
1041 1973 1196 2014 Nescia
1226 1973 1383 2015 Christi

341 2040 387 2074 10
450 2030 581 2082 GenS,
612 2031 785 2070 inimica
815 2029 906 2082 deo,
1045 2028 1215 2070 Gaudet
1245 2030 1289 2069 in
1320 2043 1487 2070 omnem

447 2085 641 2127 Eclesiae
672 2085 880 2141 populum
1040 2085 1211 2126 Ducere
1240 2084 1410 2126 ferrum.

446 2142 529 2182 Pro
561 2141 690 2193 dolor,
720 2141 882 2193 heroes,
1042 2140 1162 2181 Heus
1193 2155 1328 2195 mage,
1361 2139 1474 2195 quod
1504 2153 1618 2180 nunc

450 2197 642 2238 Subdere
672 2204 814 2238 nostra
854 2195 1001 2237 volunt
1043 2195 1161 2237 Colla
1191 2195 1371 2237 tributo!

449 2251 612 2293 Sumite
641 2267 755 2293 nunc
784 2253 972 2292 animoso
1040 2252 1158 2293 More
1184 2251 1315 2291 virili!

340 2318 385 2350 15
446 2307 641 2349 Membra
679 2323 822 2350 secare
854 2321 1004 2363 precor
1039 2307 1181 2363 Vique
1210 2307 1354 2348 ferire!

449 2363 513 2404 Sit
542 2363 660 2404 furor
688 2363 793 2405 heus
823 2363 987 2415 ardens,
1042 2362 1198 2404 Sancta
1230 2362 1405 2416 cupido3

448 2419 541 2460 Hec
575 2419 758 2474 Stigias¹¹
788 2418 969 2459 referant
1038 2418 1215 2458 Munera
1244 2418 1298 2457 ad
1328 2416 1475 2466 undas,

449 2474 507 2515 Et
536 2474 693 2515 calidos
724 2480 946 2515 numerent
1039 2474 1142 2528 Igne
1181 2473 1386 2514 trientes‘!

282 2567 310 2599 a)
342 2570 585 2600 depopopuletur
619 2571 645 2595 1,
738 2568 767 2601 b)
799 2577 942 2594 occurere
976 2571 999 2594 1.
1083 2570 1108 2600 c)
1143 2569 1349 2599 turingionuxn
1382 2569 1406 2593 1.
1493 2566 1521 2599 d)
1556 2568 1702 2592 nuntiatis
1737 2568 1762 2592 1.

284 2607 311 2638 e)
337 2615 406 2633 mox
431 2609 455 2632 1.
586 2608 608 2640 f)
632 2610 777 2640 sequentia
799 2616 887 2640 vsqve
910 2609 1016 2633 civitas
1040 2611 1082 2633 cst
1107 2608 1224 2632 difficili
1245 2608 1334 2638 capite
1357 2607 1404 2633 40.
1425 2607 1533 2639 desunt,
1556 2607 1659 2631 lacuna
1682 2607 1763 2631 nulla

281 2647 406 2671 indicata
432 2648 458 2672 3.
541 2647 569 2679 g)
592 2648 753 2673 Subbdidit
776 2649 802 2672 1.
885 2647 915 2678 11)
939 2648 1028 2678 stigia
1054 2650 1078 2672 l.
1100 2648 1206 2678 stigias
1229 2648 1254 2672 5.
1279 2647 1331 2672 ὕει.
1354 2645 1413 2673 5a'.

285 2736 319 2775 1)
349 2735 402 2767 Cf.
429 2745 534 2777 supra
562 2746 591 2767 c.
621 2734 653 2766 5.
784 2734 821 2776 2)
849 2735 950 2766 Haec
978 2734 1023 2766 ad
1050 2745 1178 2766 annum
1205 2734 1275 2765 924
1302 2736 1473 2775 spectant,
1501 2733 1544 2765 cf.
1572 2733 1764 2766 Flodoardi

281 2784 372 2815 Ann.
400 2783 445 2815 ad
467 2784 502 2816 h.
522 2795 553 2816 a.
627 2780 667 2825 3)
693 2784 716 2815 i.
741 2794 770 2815 e.
794 2784 975 2816 excitavit.
1051 2782 1091 2825 4)
1111 2783 1163 2814 Cf.
1184 2781 1321 2815 Seduni
1340 2782 1453 2814 Carm.
1473 2782 1594 2824 pasch.
1614 2783 1663 2820 ΙΙ,
1685 2783 1765 2815 110.

284 2831 321 2873 5)
350 2831 403 2863 Cf.
422 2832 617 2864 Thietmari
637 2831 765 2864 Chron.
785 2832 866 2871 VII,
888 2842 917 2865 c.
940 2833 998 2865 53.
1099 2830 1136 2873 6)
1163 2843 1196 2863 v.
1225 2841 1329 2873 supra
1355 2831 1371 2862 I
1399 2841 1428 2862 c.
1458 2830 1501 2860 26
1529 2841 1562 2862 v.
1589 2832 1622 2864 4.
