1902 3200
284 184 586 217 LIUDPRANDI
612 183 958 216 ANTAPODOSIS.
1008 185 1101 217 LIB.
1130 187 1175 217 11.
1227 188 1285 219 48.
1483 189 1526 220 45

160 296 226 336 48.
272 293 493 336 Theodora
538 299 723 335 scortum
768 293 995 348 inpudens,
1051 294 1174 335 huius
1224 295 1411 337 Alberici
1456 299 1528 352 qui

49 365 185 405 nuper
219 349 430 390 hominem
471 349 597 389 exiit¹
639 350 756 402 avia,
796 349 909 404 quod
949 349 1064 390 dictu
1101 350 1226 390 etiam
1266 350 1527 392 fedissimum

49 411 134 458 est,
172 405 360 445 Romane
402 404 582 445 civitatis
620 419 702 445 non
733 403 952 446 inviriliter
982 404 1268 444 monarchiam
1299 405 1527 448 obtinebat.

48 462 168 512 Quae
200 459 315 500 duas·
336 459 482 500 habuit
511 465 674 512 natas2,
717 460 939 500 Marotiani
969 466 1095 514 atque
1126 459 1407 512 Theodoram,
1449 461 1528 501 sibi

46 529 132 555 non
162 514 296 555 solum
327 513 550 570 coequales
580 529 725 555 verum
757 516 882 556 etiam
904 515 1081 556 Veneris
1103 516 1330 555 exercitioa
1362 530 1527 570 promp-

48 571 188 611 tiores.
246 570 412 610 Harum
434 570 612 610 Marotia
642 585 695 611 ex
725 584 836 625 papa
859 570 1021 624 Sergio,
1053 570 1173 610 cuius
1195 584 1323 625 supra
1352 571 1528 611 fecimus

48 625 317 678 mentionem,
347 625 592 677 Iohannem,
625 626 696 681 qui
727 633 822 681 post
850 625 1049 666 Iohannis
1080 626 1336 665 Ravennatis
1367 626 1527 667 obitum

47 680 261 721 Romanae
298 680 500 721 aecclesie
532 681 712 722 obtinuit
741 681 1002 735 dignitatem,
1042 680 1200 721 nefario
1239 681 1385 735 genuit
1413 681 1529 721 adul-

47 737 171 788 terio3
211 750 266 776 ex
294 735 491 777 Alberico
529 743 670 777 autem
705 736 945 777 marchione
975 736 1234 789 Albericum,
1276 737 1349 791 qui
1387 744 1528 777 nostro

47 798 144 846 post
172 799 361 846 tempore
392 791 579 833 eiusdem
609 792 798 833 Romane
829 791 945 832 urbis
975 792 1261 847 principatum
1301 791 1381 832 sibi
1411 806 1529 831 usur—

47 848 176 901 pavit.
234 847 316 888 Per
346 847 458 887 idem
487 855 655 902 tempus
676 848 920 889 Ravennate
952 847 1075 899 sedis,
1107 846 1317 888 secundus
1340 848 1413 902 qui
1435 854 1531 902 post

47 903 286 944 Romanum
317 903 560 944 archierean
581 902 937 957 archipresulatus
967 901 1215 955 habebatur,
1246 903 1397 943 Petrus
1428 916 1529 957 pon-

45 958 253 999 tificatum
281 957 456 1012 regebat
471 965 498 997 ³.
559 957 643 1009 Qui
674 958 776 999 dum
798 957 1071 999 subiectionis
1095 958 1227 998 offitio
1258 957 1424 1000 debitae
1446 958 1529 997 iam

46 1013 310 1054 nominatum
349 1013 579 1053 Iohannem
618 1027 792 1068 papam,
838 1015 910 1068 qui
955 1028 1056 1054 suae
1098 1013 1287 1053 minister
1329 1013 1530 1054 ecclesiae

46 1076 146 1110 tunc
188 1069 388 1123 temporis
420 1067 675 1121 habebatur,
716 1069 895 1109 Romam
936 1069 1077 1123 sepius
1115 1075 1156 1109 et
1193 1069 1345 1109 iterum
1375 1067 1530 1108 domno

46 1123 246 1178 dirigeret
285 1123 537 1178 apostolico,
568 1123 802 1176 Theodora,
841 1130 887 1164 ut
926 1130 1103 1164 testatus
1147 1124 1287 1175 sumb,
1331 1125 1531 1164 meretrix

46 1179 147 1220 satis
168 1178 545 1234 impudentissima,
576 1180 752 1219 Veneris
774 1179 911 1220 calore
933 1193 1148 1231 succensa,
1173 1180 1215 1219 in
1236 1179 1362 1219 huius
1384 1180 1531 1233 spetiei

47 1234 243 1276 decorem
272 1234 541 1276 vehementer
570 1236 766 1286 exarsitc,
799 1249 928 1290 seque
959 1234 1072 1275 hunc
1093 1235 1268 1275 scortari
1290 1234 1425 1275 solum
1446 1249 1532 1275 non

46 1290 192 1342 voluit,
233 1304 379 1331 verum
420 1297 516 1345 post
555 1290 681 1331 etiam
714 1296 842 1345 atque
873 1291 998 1331 etiam
1030 1290 1246 1345 compulit.
1305 1290 1399 1330 Hec
1429 1289 1531 1330 dum

45 1345 300 1402 inpudenter
327 1352 523 1400 aguntur,
552 1345 832 1387 Bononiensis
861 1345 1065 1387 aeclesiae
1087 1346 1312 1401 episcopus
1342 1346 1530 1398 moritur,

47 1410 89 1443 et
117 1400 328 1442 Iohannes
358 1403 437 1442 iste
466 1401 558 1442 1000
589 1403 678 1442 01115
709 1401 890 1456 eligitur.
949 1401 1082 1442 Paulo
1112 1408 1236 1457 post⁴
1275 1408 1371 1442 ante
1406 1401 1531 1442 huius

48 1457 160 1498 diem
191 1458 518 1498 consecrationis
547 1458 785 1498 nominatus
811 1458 1034 1498 Ravennas
1063 1456 1323 1511 archipresul
1353 1464 1531 1497 mortem

49 1512 164 1565 obiit,
194 1512 419 1567 locumque
450 1513 540 1553 01115
554 1512 764 1554 Iohannes
794 1512 874 1562 hic,
905 1512 1127 1553 Theodore
1156 1513 1371 1564 instinctu,
1402 1513 1533 1567 priori

46 1568 314 1609 Bononiense
345 1568 511 1609 deserta
541 1568 729 1617 aeclesia,
760 1569 1002 1609 ambitionis
1032 1569 1183 1623 spiritu
1212 1567 1393 1620 inflatus,
1435 1582 1531 1608 con-

48 1631 112 1666 tra
166 1630 407 1664 sanctorum
455 1625 646 1665 instituta
692 1630 861 1678 patrum
910 1623 991 1664 sibi
1038 1624 1274 1679 usurpavit.
1351 1624 1531 1664 Romam

50 1680 209 1735 quippe
248 1678 499 1730 adveniens,
538 1694 641 1731 111οΧ
679 1680 954 1720 Ravennatae
995 1679 1169 1720 eclesiae
1201 1679 1418 1720 ordinatur
1447 1679 1532 1734 epi-

47 1749 214 1790 scopus.
258 1733 429 1775 Modica
448 1748 548 1775 vero
579 1735 781 1789 temporis
802 1734 1128 1789 intercapedine,
1159 1734 1237 1775 deo
1267 1742 1460 1785 vocante,
1491 1742 1532 1775 et

48 1792 121 1847 qui
151 1805 249 1831 eum
278 1790 431 1831 iniuste
463 1790 732 1831 ordinaverat
761 1804 873 1846 papa
893 1790 1118 1831 defunctus
1150 1796 1223 1830 est.
1283 1789 1531 1830 Theodorae

45 1851 188 1887 autem
217 1844 417 1901 glycerii⁵
456 1859 575 1886 mens
614 1860 835 1901 perversa,
876 1861 928 1886 ne
964 1845 1114 1886 amasii
1152 1846 1218 1885 sui
1255 1845 1531 1886 ducentorum

47 1901 324 1943 miliariorum
339 1901 671 1956 interpositione,
691 1899 845 1956 quibus
861 1901 1064 1942 Ravenna
1080 1906 1368 1956 sequestratur
1384 1901 1532 1952 Roma,

48 1958 262 1998 rarissimo
294 1957 525 1998 concubitu
554 1958 770 2012 poti1·ettu·,
800 1957 1017 1998 Ravenate
1046 1956 1160 1997 hunc
1190 1956 1301 1998 sedis
1324 1955 1532 2011 archipre-

47 2012 227 2055 sulatum
258 2013 398 2067 coegit
427 2012 633 2065 deserere,
663 2013 999 2068 Romanumque,
1037 2026 1113 2067 pro
1150 2012 1280 2064 nefas,
1321 2026 1532 2052 summum

48 2139 78 2172 a)
101 2140 247 2165 exorcitio
271 2141 298 2165 1.
380 2138 410 2171 b)
435 2141 562 2164 testatur
583 2146 638 2164 sua
661 2140 714 2164 5a.
738 2141 865 2163 testatur
886 2139 951 2164 uita
972 2139 987 2163 5
1001 2137 1042 2164 a’.
1125 2137 1152 2170 c)
1174 2139 1306 2163 exarscit
1329 2140 1354 2164 1.

55 2225 91 2268 1)
118 2238 151 2260 a.
179 2226 262 2258 954.
363 2226 401 2268 2)
428 2227 539 2259 Filias
567 2226 826 2268 Theophylacti
854 2227 1008 2258 consulis
1036 2230 1071 2257 et
1098 2227 1281 2258 senatoris.
1382 2226 1417 2267 3)
1438 2226 1533 2256 Inter

48 2275 335 2317 archiepiscopos
369 2275 594 2307 Ravennates
629 2275 731 2307 huius
763 2276 929 2317 temporis
964 2275 1088 2307 Petrus
1121 2285 1191 2307 non
1226 2274 1393 2313 occurrit,
1425 2274 1531 2304 immo

49 2323 127 2356 sedi
152 2324 368 2355 Bononiensi
393 2324 556 2365 praefuit.
610 2323 663 2355 Cf.
692 2323 912 2355 Invectivam
938 2325 975 2354 in
1000 2324 1149 2355 Romam
1176 2322 1303 2360 (Gesta
1324 2322 1532 2362 Berengarii

49 2372 105 2404 ed.
132 2371 318 2404 Diimmler
334 2383 367 2414 p.
390 2370 496 2415 153):
524 2372 628 2404 Kailo
655 2382 738 2403 vero
766 2372 1052 2414 archiepiscopus
1080 2371 1144 2411 (sc.
1171 2370 1373 2411 Ravennas)
1392 2371 1532 2402 Petrum

48 2421 312 2453 Bononiensem
348 2421 552 2463 episcopum
587 2421 820 2453 consecravit.
871 2421 995 2452 Petrus
1030 2424 1147 2452 autem
1180 2419 1412 2451 Bononiensis
1441 2419 1530 2460 epis-

50 2479 159 2512 copus
185 2468 347 2501 Kailonis
369 2470 629 2512 archiepiscopi
655 2469 910 2510 subfraganeus
938 2469 1131 2500 Iohannem
1159 2492 1167 2500 .
1196 2492 1203 2499 .
1233 2491 1241 2499 .
1267 2478 1329 2510 per
1354 2477 1532 2498 sacrorum

50 2517 211 2550 ordinum
255 2527 423 2550 ascensus
464 2518 510 2549 ad
551 2517 737 2549 diaconem
783 2518 1016 2550 consecravit.
1080 2517 1257 2548 Defuncto
1302 2526 1384 2546 vero
1428 2515 1531 2546 Petro

49 2566 144 2598 idem
187 2565 364 2598 Iohannes
408 2567 669 2598 Bononiensem
714 2565 903 2598 ecclesiam
947 2565 1047 2608 (tunc
1088 2562 1348 2604 Ravennatem)
1391 2564 1532 2594 vivente

51 2614 202 2646 Kailone
235 2614 502 2657 archiepiscopo
542 2618 663 2647 contra
698 2625 838 2646 omnem
874 2624 1047 2645 canonum
1083 2614 1327 2644 auctoritatem
1362 2610 1531 2642 invadere

50 2664 263 2706 presumpsit
281 2688 288 2695 .
309 2687 317 2695 .
338 2686 365 2703 .,
392 2674 462 2705 qua
487 2663 612 2695 relicta
637 2667 796 2695 sanctam
815 2663 1010 2694 Romanam
1038 2665 1072 2693 et
1091 2660 1324 2703 apostolicam
1344 2659 1533 2691 ecclesiam

51 2712 193 2744 nefariis
233 2712 374 2746 ausibus
413 2713 606 2754 usurpavit.
731 2711 769 2754 4)
797 2711 972 2743 Iohannes
1011 2709 1297 2751 archiepiscopus
1330 2709 1366 2739 in
1403 2708 1532 2739 chartis

51 2760 317 2793 Ravennatibus
351 2772 384 2792 a.
411 2761 481 2791 906
508 2760 575 2792 Iul.
606 2760 662 2792 15.
698 2764 732 2792 et
767 2760 833 2790 911
874 2760 970 2801 Sept.
997 2758 1030 2790 4.
1066 2757 1218 2789 occurrit
1253 2755 1346 2798 apud
1381 2756 1531 2788 Fantuz-

50 2809 140 2840 zium
168 2809 208 2841 T.
235 2809 264 2840 I.
366 2807 404 2850 5)
432 2809 511 2840 Hoc
539 2819 665 2840 nomen
694 2819 736 2840 ex
762 2808 917 2839 Terentii
944 2807 1078 2838 Andria
1107 2805 1334 2847 deprompsit.

1544 634 1706 661 931—935.
