1902 3200
271 276 569 310 LIUDPRANDI
596 276 937 310 ANTAPODOSIS.
989 278 1081 309 LIB.
1110 279 1152 310 V.
1203 278 1308 310 5—7.
1462 279 1526 311 103

51 385 294 439 Anscarius,
325 385 675 440 antesignanuma
705 399 829 427 suum
859 387 1030 427 nomine
1062 385 1335 428 VVikbertum
1373 386 1524 429 talibus
1541 402 1606 428 940.

51 442 227 484 adorsus
257 448 320 483 est
348 440 506 482 verbis:

218 495 376 537 Sarlius
403 494 582 546 inbellis,
615 494 840 537 multorum
869 497 969 537 fisus
999 496 1043 536 in
1072 497 1209 547 armis,
1353 495 1510 537 Versus

215 551 483 606 Pugnaturus
513 550 621 603 adit3
654 551 722 592 cui
750 550 878 592 fortes
908 558 1078 607 pectore
1109 558 1149 593 et
1178 552 1304 592 armis

217 604 453 647 Occursare
483 605 603 647 decet
632 605 869 661 bellumque
899 606 1052 647 inferre
1083 612 1315 647 cruentum.

215 660 346 702 Lecta
373 674 521 702 manus
551 662 764 714 iuvenum,
793 660 996 717 bellisque
1027 662 1210 703 exercita
1231 659 1385 712 multis,

164 726 183 759 5
216 715 295 758 Est
323 716 435 757 hucb
466 715 706 758 tendentem
737 730 844 772 quae
873 731 939 758 me
961 717 1157 758 comitata
1177 723 1412 771 patronum,

214 772 412 813 Protinus
442 771 647 824 adveniet,
678 770 793 812 fulvo
825 770 1021 813 decorata
1051 771 1268 814 metallo’1.

162 838 199 882 6.
258 838 336 880 His
374 838 540 891 auditis,
588 837 852 892 XVikbertus,
902 845 948 880 ut
991 845 1079 880 erat
1122 840 1187 880 vir
1229 852 1314 879 non
1358 836 1527 878 audatia

51 891 186 934 solum
216 908 362 935 verum
392 894 515 935 etiam
557 895 730 935 scientia
770 893 920 935 fretus:
971 894 1132 947 ‘Mane',
1173 894 1241 946 ait,
1282 899 1343 935 ‘ac
1383 893 1526 948 copias

50 954 176 1004 prout
204 949 313 1004 potis
349 956 410 990 cst
445 955 735 1004 congregatoc.
803 950 1012 1004 Pergrave
1054 957 1117 991 est
1157 950 1280 1002 enim,
1322 949 1526 989 exercitui

51 1018 147 1044 cum
176 1010 263 1045 tam
293 1004 439 1060 paucis
469 1019 692 1046 numeroso
724 1019 953 1046 occurrere.
1023 1004 1108 1046 Sed
1138 1011 1178 1046 et
1208 1005 1243 1045 si
1275 1003 1526 1060 quibuscum

48 1073 114 1100 res
144 1060 283 1115 agitur
311 1059 621 1112 animadvertis,
652 1059 797 1102 heroes
830 1066 939 1111 sunt,
970 1059 1082 1100 haud
1113 1060 1282 1114 segnius
1303 1066 1428 1114 atque
1450 1073 1526 1099 nos

48 1113 157 1155 bello
187 1114 436 1155 assuefacti'.
504 1115 593 1154 lam
633 1114 862 1155 Anscarius
902 1114 1127 1156 wikberto
1165 1121 1278 1155 recta
1313 1114 1393 1154 sibi
1433 1128 1527 1154 oon-

46 1168 196 1210 sulenti
226 1170 422 1211 conivere
452 1169 708 1223 decreverat,
740 1170 994 1225 directisque
1025 1184 1072 1210 us
1106 1183 1327 1225 nequaque
1356 1169 1525 1221 nuntiis,

47 1238 306 1280 congregare
336 1226 570 1266 exercitum
607 1232 790 1280 cuperat,
830 1240 926 1266 011111
964 1184 1159 1266 Arcoiius
1198 1224 1381 1279 quidam,
1422 1224 1527 1264 Bur-

46 1280 308 1334 gundionum
357 1281 559 1334 sanguine
610 1287 736 1331 ortus,
787 1280 1062 1321 VVikbertum
1112 1280 1190 1321 ista
1241 1278 1526 1320 consulentem

45 1335 169 1377 dictis
199 1335 434 1390 increparet
462 1335 638 1376 amaris:
684 1335 936 1388 ‘Chremeti',
975 1335 1123 1391 inquit,
1165 1334 1325 1376 ‘similis
1357 1349 1414 1387 es,
1455 1335 1527 1389 qui

47 1391 100 1433 ob
145 1390 392 1432 Thrasonis*
433 1398 591 1432 metum
626 1390 780 1432 Thaidi
824 1391 875 1433 de
922 1390 1191 1432 occludendis
1236 1390 1385 1432 edibus
1431 1404 1526 1431 con-

45 1445 198 1498 silium,
244 1446 384 1501 quoad
423 1446 649 1488 advocatos
694 1446 774 1488 sibi
809 1461 833 1487 a
870 1445 960 1487 foro
999 1446 1181 1497 duceret,
1213 1445 1348 1497 dedit3
1400 1459 1524 1500 quem

46 1516 143 1543 cum
173 1501 302 1544 Thais
342 1500 625 1557 prohiberet2:
673 1502 798 1554 Quod
828 1516 924 1542 cum
967 1501 1099 1543 salute
1143 1507 1227 1553 tua,
1264 1502 1334 1551 ait,
1376 1515 1524 1542 cavere

46 1558 194 1612 possis,
241 1556 414 1598 stultum
459 1557 678 1599 admittere
723 1563 797 1598 est.
871 1556 982 1598 Malo
1027 1571 1105 1611 ego
1151 1571 1226 1597 nos
1270 1557 1524 1611 prospicere,

47 1627 173 1667 quam
207 1612 385 1654 ulciscid
415 1619 590 1667 accepta
620 1609 812 1653 1111111131>
824 1608 1022 1667 ὍΡ111110,
1054 1611 1316 1663 wikbertus,
1338 1613 1523 1667 inquam,

46 1669 274 1710 Thrasonis
317 1667 453 1710 fecisti
496 1668 741 1709 memoriam
785 1667 942 1720 militis,
989 1668 1061 1723 qui
1106 1667 1253 1708 rabido
1294 1667 1410 1722 prius
1455 1681 1524 1708 ore

46 1724 279 1777 deseviens,
317 1738 414 1764 011111
454 1723 509 1764 ad
546 1738 636 1764 rem
675 1737 819 1764 veram
857 1730 1032 1765 ventum
1074 1730 1193 1775 esset,
1236 1722 1451 1777 Syriscum
1482 1723 1525 1762 in

46 1779 195 1821 dextro
226 1793 368 1829 cornu,
401 1778 689 1832 Symalionem
719 1779 762 1818 in
793 1779 959 1820 sinistro
991 1779 1286 1830 constituens3,
1323 1778 1412 1832 ipse
1444 1776 1525 1818 sibi

44 1834 185 1876 10011111
214 1841 311 1890 post
340 1834 574 1889 principia*
605 1832 742 1888 elegit.
801 1833 1125 1889 Burgundiones
1164 1833 1276 1874 enim
1307 1831 1522 1887 garrulose

46 1905 149 1944 esse,
179 1904 354 1931 voraces
389 1903 438 1929 ac
477 1887 664 1941 inbelles,
709 1887 846 1929 nullus
887 1889 959 1943 qui
999 1902 1069 1930 eos
1110 1889 1273 1930 noverit
1310 1887 1523 1942 a111bigit⁵.

45 1945 131 1988 Sed
161 1951 201 1987 et
231 1959 358 2001 quani
387 1944 626 2000 perfortiter
662 1958 786 1999 saepe
822 1943 984 1996 feceris,
1025 1957 1128 1999 quas
1163 1943 1362 1999 fugiendo
1401 1941 1525 1984 decli-

17 2001 165 2054 .nasti,
197 2001 415 2043 cicatrices
445 1999 634 2041 indicant
664 2000 877 2055 corporis’.

156 2070 192 2110 7.
237 2067 497 2109 Huiusmodi
525 2068 666 2123 itaque
696 2066 926 2108 Anscarius
956 2073 1082 2122 atque
1103 2065 1354 2108 XVikbertus
1379 2064 1524 2106 exitati

44 2124 180 2177 dictis,
210 2122 283 2164 ubi
314 2122 495 2165 Sarlium
527 2137 618 2164 esse
649 2136 744 2163 cum
775 2121 914 2163 multis
937 2122 1125 2173 audiunt,
1159 2135 1284 2177 quam
1306 2135 1407 2161 111οΧ
1429 2134 1525 2161 011111

44 2180 190 2236 paucis
220 2193 447 2235 properare
486 2178 753 2219 contendunt.
821 2178 930 2219 Sexf
966 2177 1124 2219 Sarlius
1161 2177 1272 2218 acies
1308 2175 1524 2228 habuerat,

46 2250 225 2290 quarum
268 2240 351 2276 tres
396 2240 541 2275 contra
585 2233 779 2274 Anscarii
821 2247 961 2285 unam,
1007 2233 1049 2273 in
1090 2247 1172 2288 qua
1213 2238 1253 2273 et
1294 2232 1384 2287 ipse
1425 2238 1524 2283 erat,

45 2292 268 2332 direxerat.
327 2290 424 2345 Ipse
453 2303 552 2330 vero
583 2288 712 2331 fluvio
743 2289 959 2332 interiecto
998 2289 1059 2330 rei
1090 2295 1283 2343 spectans
1315 2297 1523 2339 eventum,

46 2361 141 2387 cum
185 2345 319 2387 tribus
354 2351 625 2386 remanserat.
683 2344 921 2386 Verebatur
964 2345 1087 2396 enim,
1133 2342 1247 2399 quod
1291 2357 1367 2384 nec
1411 2348 1525 2383 tanta

46 2417 141 2445 eum
172 2402 310 2457 quiret
338 2399 560 2442 multitudo
599 2399 834 2453 defendere,
877 2400 911 2439 si
952 2414 1048 2441 suos
1084 2400 1127 2439 in
1168 2413 1263 2440 eum
1294 2398 1524 2438 Anscarius

44 2463 188 2514 posset
218 2457 386 2498 obtutus
425 2455 638 2496 inducere.
696 2455 824 2495 Haud
863 2468 992 2507 mora,
1032 2454 1188 2497 bellum
1228 2454 1435 2508 incipitur,
1481 2453 1524 2492 in

45 2527 128 2570 quo
165 2512 373 2564 Arcodus,
420 2512 519 2567 quia.
561 2510 738 2566 fugerat,
783 2525 868 2551 non
911 2510 1090 2562 videtur,
1138 2509 1384 2552 VVikbertus
1424 2521 1522 2549 vero

44 2575 177 2610 morte
207 2575 327 2610 tenus
356 2567 612 2619 vulneratur,
651 2566 850 2622 quoniam
888 2566 1057 2621 quidem
1093 2565 1199 2605 mori
1237 2565 1365 2605 satius
1398 2576 1522 2617 quam

42 2624 187 2679 fugere
217 2623 350 2665 duxit.
422 2622 501 2663 His
537 2623 678 2677 itaque
722 2620 915 2662 omnibus
955 2621 1008 2662 ab
1049 2620 1255 2661 Anscario
1293 2618 1522 2670 debellatis,

42 2730 71 2764 a)
95 2733 320 2763 antesignatum
343 2732 368 2757 1.
392 2732 417 2755 2.
500 2731 529 2761 b)
554 2730 631 2754 hunc
660 2736 733 2755 corr.
755 2729 812 2753 huc
838 2730 862 2753 1.
946 2728 972 2759 c)
997 2731 1180 2758 congregata
1205 2729 1226 2754 1,
1314 2726 1342 2755 d)
1368 2726 1471 2750 ulcissi
1496 2727 1520 2750 1.

42 2770 70 2802 e)
95 2771 216 2802 garulos
240 2772 265 2796 1.
348 2769 370 2803 f)
394 2770 454 2796 Sed
479 2771 504 2796 1.
528 2770 554 2795 ·2.
579 2769 630 2794 5a.
656 2772 699 2793 set
722 2767 748 2794 5.
772 2767 832 2793 Sex
856 2768 881 2792 3.

44 2856 80 2899 1)
97 2857 151 2890 Cf.
167 2868 270 2900 supra
286 2857 302 2889 Ι
318 2867 347 2890 c.
363 2857 408 2887 26
424 2868 456 2889 v.
473 2857 504 2888 2.
559 2854 596 2896 2)
611 2855 750 2886 Terent.
767 2854 856 2886 Eun.
873 2853 933 2893 lv,
954 2852 985 2884 6.
1001 2864 1032 2884 v.
1050 2853 1104 2885 24.
1159 2853 1192 2889 3)
1213 2853 1291 2885 Ter.
1308 2851 1329 2883 l.
1345 2851 1366 2884 l.
1386 2852 1417 2885 7.
1434 2862 1465 2884 v.
1483 2852 1517 2884 5.

36 2905 79 2948 4)
106 2906 185 2938 Ter.
212 2905 235 2938 l.
261 2906 286 2937 l.
313 2917 346 2938 v.
376 2906 430 2937 11.
534 2903 571 2945 5)
601 2903 653 2936 Cf.
682 2913 786 2946 supra
813 2903 868 2934 111
897 2912 925 2933 c.
953 2901 1016 2932 44.-

1547 1402 1556 1412 ⁸
1568 1411 1595 1435 p.
1613 1403 1677 1430 329.

1545 2083 1596 2117 (3)
