1902 3200
224 247 521 281 LIUDPRANDI
545 245 889 280 ANTAPODOSIS.
940 248 1034 279 LIB.
1061 249 1122 281 IV.
1175 250 1328 282 29-30.
1476 251 1521 282 97

45 358 89 398 in
118 358 309 412 partibus
340 363 493 397 erant1.
553 356 638 397 Sed
698 357 768 396 uia
805 370 951 397 eorum
988 358 1134 411 copiae
1175 358 1350 398 istorum
1388 360 1519 414 copiis
1535 370 1601 396 939.

46 413 178 453 multo
199 412 415 453 inferiores
437 412 671 463 extiterant,
704 412 755 451 iis
778 419 1022 452 occurrere³³¹
1044 411 1323 466 trepidabant.
1360 413 1518 454 Verum

45 466 217 509 iubente
237 467 328 519 de0,
359 480 443 507 non
463 465 686 507 locutionis
707 465 781 507 scd
801 467 1086 521 inspirationis
1107 467 1245 519 mOdO,
1275 467 1351 507 hos
1378 467 1519 509 multis

47 537 143 563 cum
182 520 325 576 spoliis
365 521 587 562 redeuntes
626 523 736 576 pone
777 528 988 562 secuntur.
1062 520 1256 576 Cumque
1300 521 1519 576 paululum

44 577 358 632 processissent,
391 576 562 630 quidam
592 578 651 617 eis
682 576 785 617 flens
823 582 864 617 et
898 575 1057 617 eiulans
1098 576 1283 617 obviavit
1312 576 1520 618 sacerdos.

47 632 132 683 Qui
161 638 334 686 rogatus
371 630 424 672 ab
461 632 532 683 eis,
573 632 683 672 unde
720 632 810 683 iret,
842 645 917 671 cur
943 631 1071 684 fleret,
1111 631 1178 673 ‘ab
1214 632 1327 684 istis',
1372 632 1520 686 inquit,

49 685 320 742 ‘predonibus
351 700 430 741 ego
460 687 597 738 veni0,
628 687 700 741 qui
730 687 989 741 paupertatis
1026 701 1143 727 meac
1180 700 1398 727 erumnam
1437 700 1519 727 uno

45 741 159 797 quod
199 740 333 782 solum
369 742 637 796 possederam
678 742 864 782 iumento
903 740 1042 782 ablato
1079 740 1327 782 dilatarunt'.
1394 741 1521 792 Quod

43 811 140 836 cum
170 796 348 851 prefatib
379 796 495 837 Huto
526 810 574 837 ac
607 795 886 837 Chuonradus
925 796 1130 849 audirent,
1168 798 1202 836 si
1234 795 1519 837 Gislebertum

43 857 170 906 atque
200 851 494 892 Heverardum
524 851 687 903 viderit,
727 852 984 892 examussim
1021 859 1118 892 sunt
1152 852 1363 892 sciscitati.
1424 851 1520 903 Quo

43 905 339 961 respondente:
359 911 368 931 ‘
403 907 573 947 uoniam
595 921 692 947 cum
713 907 843 961 preda
865 907 1025 948 cunctis
1046 921 1179 962 poene
1195 914 1309 948 trans
1328 906 1520 947 Rhenum

42 962 194 1013 missis,
225 963 306 1016 ipsi
337 963 413 1002 soi
443 976 540 1002 cum
571 976 715 1002 eorum
747 961 887 1003 electis
917 961 1132 1014 militibus,
1164 961 1279 1017 quod
1307 976 1384 1003 nec
1413 962 1520 1003 bene

41 1017 192 1057 vertat!
225 1017 398 1071 capiunt
427 1016 598 1068 cibum⁷3
629 1023 743 1057 tanta
765 1016 975 1065 celeritate
1004 1032 1130 1071 super
1159 1032 1229 1057 eos
1256 1018 1431 1068 irruunt,
1462 1023 1518 1067 ut,

41 1072 77 1112 si
106 1071 283 1123 videres,
314 1086 398 1112 non
429 1086 499 1112 eos
530 1080 720 1112 currerec
752 1072 826 1112 sed
856 1071 1016 1113 diceres
1046 1071 1344 1114 transvolared.
1405 1072 1520 1123 Quid

40 1125 189 1181 plm'a‘?
219 1126 488 1167 Heverardus
517 1125 668 1180 gladiis
700 1126 917 1178 occiditur,
950 1125 1212 1167 Gislebertus
1234 1126 1371 1167 Rheni
1393 1125 1518 1167 undis

40 1179 338 1236 submergitur,
385 1196 489 1236 quas
534 1182 733 1236 quoniam
778 1196 852 1236 pre
892 1181 1158 1222 multitudine
1196 1180 1394 1222 sorberee
1433 1195 1518 1222 non

40 1237 191 1292 potuit,
240 1237 382 1277 anima
424 1236 645 1278 recedente
689 1235 853 1278 defecit.
927 1236 1198 1277 Caeterorum
1242 1251 1341 1278 vero
1394 1250 1516 1277 nemo

38 1291 231 1347 aufugiit,
263 1293 335 1347 qui
365 1306 450 1333 non
479 1298 550 1332 aut
578 1292 699 1332 vivus
729 1291 942 1346 ligaretur,
972 1298 1045 1332 aut
1073 1291 1214 1347 gladio
1236 1298 1515 1332 truncaretur.

39 1346 170 1388 Vides
200 1347 331 1401 igitur
361 1347 717 1402 quemadmodum
745 1362 871 1402 super
891 1362 1033 1402 regem
1053 1346 1299 1388 tribulantes
1322 1347 1516 1387 dominus

39 1416 211 1442 manum
240 1403 414 1455 miserit,
444 1416 569 1457 quem
599 1403 642 1442 in
670 1403 750 1443 viis
781 1403 868 1443 suis
899 1402 1135 1443 ambulasse
1167 1403 1375 1457 cognovit.

149 1457 215 1498 30.
266 1458 384 1498 Dum
419 1457 497 1498 hec
533 1464 728 1511 aguntur,
765 1472 841 1499 rex
878 1458 921 1498 in
950 1457 1112 1498 Alsatia
1141 1457 1289 1498 horum
1319 1458 1606 1509 inscius2,(17.)

40 1513 145 1554 mori
181 1513 319 1568 potius
361 1527 487 1568 quam
525 1513 786 1554 adversarios
822 1512 966 1567 fugere
997 1520 1059 1554 est
1094 1519 1279 1567 paratus.
1346 1512 1516 1552 Accidit

37 1569 192 1623 itaque,
222 1574 278 1620 ut,
311 1567 669 1623 quemadmodum
700 1568 737 1609 ei
777 1569 905 1609 moris
943 1576 1042 1621 erat,
1080 1582 1201 1608 mane
1232 1568 1381 1622 primo,
1413 1581 1515 1622 quo-

38 1624 151 1663 niam
195 1622 375 1664 aeclesia.
421 1622 544 1677 longe
592 1622 749 1675 aberat,
799 1638 925 1678 super
973 1638 1129 1678 equum
1180 1622 1513 1674 conscenderetf,

39 1680 173 1733 eoque
205 1693 248 1719 se
278 1679 486 1719 munitum
517 1678 776 1719 orationibus
807 1679 897 1730 iret,
936 1693 1032 1719 cum
1063 1678 1230 1719 directis
1262 1677 1412 1732 procul
1442 1677 1514 1717 ob-

38 1734 211 1787 tutibus,
253 1734 422 1774 obviare
458 1733 539 1774 sibi
577 1734 709 1774 nimia
744 1733 953 1775 celeritate
991 1733 1204 1774 hominem
1233 1733 1349 1785 vidit,
1389 1747 1514 1787 quem

37 1787 134 1830 ilico
163 1789 357 1829 nuntium
388 1803 479 1829 esse
513 1788 717 1830 intellexit
728 1796 758 1828 g.
817 1789 874 1830 Et
903 1789 1002 1843 quia
1039 1789 1073 1829 is
1113 1789 1185 1843 qui
1213 1794 1385 1829 venerat
1423 1801 1516 1842 pro-

38 1858 161 1899 spera
189 1844 422 1895 nuntiabat,
453 1857 554 1884 mox
583 1850 630 1884 ut
658 1858 801 1899 regem
830 1843 948 1896 vidit,
985 1842 1303 1884 subsecuturam
1333 1842 1516 1883 leticiam

39 1899 223 1955 quodam
267 1898 462 1953 proludio
506 1898 724 1939 hilaritatis
770 1899 962 1940 ostendit.
1041 1898 1136 1939 Hoc
1180 1899 1311 1953 igitur
1352 1897 1515 1949 inditio,

38 1955 137 2010 quia
166 1954 351 1996 secunda
380 1969 476 1995 eum
507 1955 581 2008 qui
610 1953 784 1995 aderant
818 1955 1009 1995 nuntiare
1046 1953 1304 2007 intellegunt,
1344 1953 1516 1993 arrectis

38 2010 212 2052 auribus
243 2016 289 2050 ut
319 2024 415 2050 eum
451 2010 625 2051 audiant
661 2016 847 2050 currunt.
921 2009 1087 2061 Quibus
1132 2008 1348 2049 moderata
1391 2008 1517 2048 huius

38 2065 265 2121 processio,
310 2063 556 2120 capillorum
593 2079 643 2106 ac
678 2065 860 2106 vestium
899 2065 1161 2119 compositio,
1200 2063 1376 2105 honesta
1411 2062 1518 2103 salu-

36 2121 150 2173 tatio,
195 2135 330 2171 annus
374 2127 474 2161 erat.
547 2120 666 2161 Vidit
708 2135 785 2161 rex
827 2119 1033 2175 populum
1070 2118 1276 2172 anhelare,
1323 2125 1363 2160 et
1403 2117 1518 2174 quod

38 2175 207 2217 dicendi
236 2176 423 2216 moramh
453 2176 625 2216 nuntius
664 2175 832 2227 faceret,
868 2176 1052 2230 graviter
1090 2174 1210 2215 ferre.
1276 2174 1406 2228 ‘Age⁷,
1447 2174 1516 2225 ait,

39 2231 107 2272 ‘ad
128 2231 242 2287 quod
267 2231 420 2271 missus
442 2245 485 2271 es
505 2231 605 2283 fare,
636 2238 924 2286 preposterato
947 2229 1092 2271 ordine
1113 2244 1201 2270 rem
1221 2230 1338 2285 prius
1360 2229 1517 2280 iniicei,

39 2287 401 2327 circumstantium
422 2292 557 2327 metus
577 2285 729 2338 adime,
762 2300 992 2341 eorumque
1012 2286 1174 2326 animos
1194 2284 1350 2339 gaudio
1373 2283 1516 2339 exple3

39 2341 193 2383 dehinc
223 2356 298 2396 per
326 2340 451 2395 longa
480 2355 631 2382 exorsa
661 2348 701 2382 et
730 2341 945 2382 rhetorum
984 2341 1230 2396 prohoemia
1259 2339 1516 2381 salutationi-

38 2397 115 2438 bus
144 2411 222 2438 nos
258 2395 462 2438 demulce.
533 2396 630 2437 Non
674 2396 863 2452 qualiter,
909 2396 982 2438 sed
1027 2396 1128 2451 quid
1173 2395 1301 2447 dicas,
1345 2409 1516 2450 presens

37 2491 67 2525 a)
91 2499 214 2517 occurre
239 2493 265 2517 1.
354 2490 384 2523 b)
408 2491 526 2523 prefato
550 2493 574 2518 1.
675 2491 702 2524 c)
726 2499 812 2517 curre
837 2494 862 2517 1.
952 2490 982 2524 d)
1005 2491 1181 2517 tranuolare
1204 2492 1229 2517 1.
1319 2489 1346 2522 e)
1370 2490 1517 2515 exon-bere

39 2537 111 2563 prae
133 2530 326 2556 multitudine
347 2530 389 2563 (5.
411 2529 478 2562 5a.)
501 2529 568 2557 5a·.
608 2530 670 2555 Vita
690 2530 719 2555 S.
743 2531 865 2556 Gerarcli
886 2531 1055 2556 Brom'ensz's
1077 2538 1098 2554 c.
1123 2531 1167 2555 19.
1229 2529 1251 2560 f)
1276 2529 1471 2554 coscenderet
1492 2529 1516 2553 1.

39 2568 70 2602 g)
92 2570 233 2596 intelexit
254 2571 281 2595 1.
324 2570 363 2594 Et
385 2569 456 2600 quia
477 2570 497 2594 i.
521 2578 549 2601 q.
572 2577 599 2594 v.
622 2577 653 2601 p.
675 2576 705 2596 n.
727 2577 768 2596 m.
792 2574 823 2595 ut
844 2577 869 2597 r.
889 2577 918 2596 v,
940 2570 1038 2594 desunt
1061 2570 1088 2594 5.
1113 2569 1167 2594 5a.
1192 2567 1257 2594 5³¹.
1352 2566 1381 2598 h)
1406 2573 1516 2591 momo-

39 2616 103 2635 ram
127 2610 152 2634 1.
231 2606 254 2640 ἰ)
274 2608 376 2633 iniuce
400 2610 426 2632 l.

41 2672 74 2711 1)
98 2672 252 2704 Eosdem
278 2672 436 2704 nominat
460 2672 654 2713 Reginonis
690 2672 931 2711 continuator,
967 2670 1127 2703 Udonem
1162 2669 1275 2702 solum
1310 2668 1518 2701 Hrotsvitha

42 2719 91 2760 (v.
120 2719 206 2762 283)
246 2724 281 2752 et
319 2720 475 2753 Annales
502 2719 870 2761 Quefflinburgenses,
913 2723 1057 2751 econtra
1094 2718 1348 2749 Herimannum
1390 2716 1515 2749 ducem

39 2767 277 2801 widukindus
305 2768 359 2812 (ΙΙ
387 2779 417 2801 e.
446 2766 521 2810 26).
615 2766 652 2809 2)
674 2768 880 2800 Hrotsvitha
906 2778 937 2799 v.
967 2767 1055 2798 288:

379 2818 426 2850 At
452 2827 513 2848 rex
540 2817 674 2848 interea
700 2817 815 2848 nescit
840 2819 912 2847 tam
937 2815 1041 2846 fortia
1067 2813 1163 2846 bella

377 2866 510 2898 Averso
538 2864 660 2907 quidni
687 2865 844 2897 residens
871 2865 907 2895 in
933 2862 1035 2895 litore
1061 2862 1186 2895 Rheni.

1194 2928 1212 2959 7
