1902 3200
342 290 640 324 LIUDPRANDI
667 289 892 323 HISTORIA
920 290 1135 324 OTTONIS.
1191 292 1341 326 19—22.
1508 296 1572 328 135

110 408 150 443 et
179 400 457 443 universalem
487 415 640 455 papam
670 415 694 441 a
724 401 801 441 deo
833 407 873 441 et
902 400 1003 454 ipsis
1034 399 1224 453 electum,
1260 403 1494 457 perderent,
1533 412 1653 449 01964,

110 457 337 498 Iohannem
366 457 409 496 in
438 456 585 496 urbem
616 456 887 511 susciperent.
947 454 1072 507 Quod
1102 470 1197 496 011111
1215 457 1421 510 fecissent,
1452 460 1571 501 111180-

106 519 222 554 rante
237 512 329 564 deo,
351 526 404 552 ex
421 525 564 552 eorum
581 510 772 552 manibus
789 516 850 553 cst
865 509 1113 552 venerabilis
1129 526 1240 566 papa
1254 512 1340 554 Leo
1360 511 1571 567 liberatus,

108 569 336 623 paucisque
367 581 506 607 80011111
548 565 856 619 comitantibus,
893 565 947 606 ad
982 566 1159 621 piissimi
1191 566 1355 609 Ottonis
1395 569 1570 624 impera-

107 623 206 664 toris
235 622 564 663 misericordiam
596 629 657 663 est
685 622 907 678 profectus.

215 690 300 730 ²⁸19.
344 689 577 744 Imperator
606 690 786 745 denique
817 694 998 742 sanctus,
1042 695 1203 730 tantum
1248 689 1429 732 dedecus
1474 706 1716 746 eg1·e·p.34e.

103 745 253 798 ferens,
293 759 389 785 cum
429 760 482 786 ex
520 745 661 785 domni
690 759 825 800 papae
855 744 1007 786 Leonis
1043 745 1257 798 eiectione,
1295 754 1385 787 tum
1424 762 1477 787 ex
1507 747 1570 788 Io-

104 799 240 842 hanne
271 799 471 841 cardinali
492 799 680 853 diacone,
711 808 751 842 et
770 799 915 842 Azone
937 800 1165 851 scriniario,
1197 815 1375 856 quorum
1395 801 1571 843 alterum

103 869 232 896 manu
281 856 470 908 dextera,
519 855 694 896 alterum
737 855 881 911 lingua
923 855 1087 897 duobus
1132 855 1274 911 digitis
1318 856 1572 913 naribusque

102 912 292 964 abscisis,
323 912 528 952 Iohannes
558 910 776 953 abdicatus
808 910 1112 964 defedaveratl,
1148 918 1339 968 reparato
1370 914 1570 965 exercitu,

103 967 307 1008 Romama
337 967 471 1008 redire
503 967 720 1022 disposuit.
784 967 907 1008 Prius
937 974 1076 1008 tamen
1106 982 1232 1022 quam
1264 969 1396 1010 sancti
1434 975 1573 1010 essent

103 1023 367 1079 imperatoris
398 1022 542 1076 copiae
574 1029 864 1077 congregatae,
899 1021 1042 1063 volens
1078 1024 1238 1064 cunctis
1268 1023 1417 1065 seculis
1457 1025 1572 1065 inno-

103 1085 263 1120 tescere
303 1078 514 1130 dominus,
569 1092 695 1133 quam
735 1079 841 1119 iuste
881 1083 990 1119 esset
1028 1077 1234 1119 Iohannes
1277 1093 1390 1134 papa
1425 1093 1450 1120 a
1488 1080 1572 1120 suis

102 1134 312 1189 episcopis
350 1140 391 1174 et
427 1133 540 1174 omni
578 1132 699 1187 plebe
735 1133 1018 1188 repudiatus2,
1055 1147 1264 1189 quamque
1304 1135 1572 1189 postmodum

102 1189 255 1230 iniuste
285 1196 492 1243 receptus,
523 1188 704 1243 quadam
734 1194 856 1229 nocte
892 1195 1011 1230 extra
1039 1188 1228 1242 Romam,
1270 1189 1370 1230 dum
1401 1205 1444 1231 se
1475 1205 1570 1231 cum

100 1245 179 1285 viri
209 1244 429 1285 cuiusdam
459 1257 590 1284 uxore
622 1243 861 1297 oblectaret,
891 1243 934 1284 in
963 1244 1212 1299 timporibus
1233 1245 1336 1286 adeo
1358 1259 1383 1286 a
1404 1245 1570 1287 diabolo
1585 1261 1646 1286 Mai
1669 1262 1713 1287 14.

100 1306 164 1341 est
191 1314 429 1356 percussus,
461 1304 507 1340 ut
536 1299 643 1339 infra
672 1299 835 1340 dierum
867 1306 960 1341 octo
991 1301 1180 1354 spacium
1217 1299 1365 1341 eodem
1404 1301 1456 1342 sit
1483 1301 1570 1342 vul-

101 1370 200 1396 nere
236 1362 437 1396 mortuus.
507 1354 593 1395 Sed
629 1354 904 1396 eucharistiae
941 1355 1159 1408 viaticum,
1200 1356 1332 1411 ipsius
1372 1357 1571 1398 instinctu

102 1412 175 1466 qui
205 1426 302 1452 eum
332 1410 636 1466 percusseratb,
673 1425 757 1451 11011
797 1411 1005 1465 percepit,
1044 1411 1399 1466 quemadmodum
1429 1427 1454 1453 a
1485 1413 1569 1453 suis

100 1468 288 1521 cognatis
328 1473 368 1507 et
407 1465 696 1519 familiaribus,
742 1468 814 1522 qui
854 1473 1066 1522 presentes
1106 1474 1234 1520 erant,
1273 1482 1450 1524 persepe
1490 1467 1568 1510 sub

98 1523 362 1564 attestatione
388 1521 642 1562 audivimus.

210 1579 276 1619 ΞΟ.
322 1578 417 1630 Quo
446 1584 625 1630 mortuo,
656 1577 833 1618 Romani
864 1592 1018 1629 omnes,
1050 1578 1270 1620 iuramenti
1292 1578 1404 1634 quod
1426 1586 1568 1621 sancto

99 1634 379 1688 promiserant
408 1633 649 1688 imperatori
684 1634 962 1687 immemores,
999 1633 1274 1675 Benedictum
1316 1633 1569 1676 cardinalem

98 1690 318 1731 diaconem
339 1702 491 1744 papam
515 1689 783 1741 constituunt,
815 1689 986 1744 insuper
1007 1695 1046 1730 et
1066 1690 1310 1743 iuramento,
1338 1705 1568 1745 numquam

98 1760 143 1787 se
177 1760 273 1786 eum
304 1744 562 1796 dimissuros,
599 1743 676 1785 sed
703 1759 799 1786 eum
830 1751 1003 1785 contrac
1041 1745 1302 1800 imperatoris
1338 1747 1569 1801 potentiam

99 1800 356 1853 defensuros,
377 1800 638 1856 promittunt.
680 1800 774 1852 Quo
796 1799 949 1851 audito,
971 1800 1198 1856 imperator
1218 1801 1364 1842 urbem
1386 1800 1567 1855 vallavit,

98 1857 329 1909 neminem,
381 1857 452 1911 qui
496 1869 580 1895 non
623 1855 822 1896 membris
869 1861 1149 1908 truncaretur,
1199 1857 1312 1897 exire
1361 1857 1568 1912 permisit3

98 1912 302 1954 machinis
332 1917 372 1952 et
400 1911 509 1952 fame
539 1925 673 1965 usque
703 1911 808 1952 adeo
838 1910 1001 1964 afflixit,
1038 1911 1170 1952 donec
1200 1913 1400 1953 Romanis
1430 1912 1569 1953 nolen-

97 1967 209 2010 tibus
247 1966 396 2008 urbem
431 1967 648 2022 reciperet,
686 1966 870 2008 Leonem
909 1967 1045 2007 virum
1085 1966 1365 2009 venerabilem
1405 1967 1569 2010 debitae

97 2023 187 2065 sedi
216 2024 461 2075 restitueret,
492 2036 541 2062 ac
570 2022 847 2064 Benedictum
877 2036 1065 2064 summae
1094 2023 1203 2064 sedis
1224 2024 1458 2065 invasorem
1480 2025 1649 2068 eiusiun.
1673 2042 1720 2068 23.

98 2079 331 2135 presentiae
358 2083 631 2134 presentaret.

209 2135 274 2175 21.
318 2131 612 2175 Residentibus
648 2133 706 2174 ita
738 2148 789 2175 ue
829 2133 981 2175 domno
1021 2134 1161 2176 Leone
1202 2149 1364 2176 summo
1403 2142 1444 2176 ct
1480 2136 1567 2176 uni-

99 2190 251 2232 versali
296 2204 406 2245 papa
446 2189 488 2228 in
528 2188 679 2230 eclesia
708 2148 991 2242 LateranenSi,
1032 2204 1197 2231 necnon
1236 2198 1276 2232 et
1314 2191 1566 2246 imperatore

98 2245 389 2287 sanctissimo‘³
423 2245 591 2297 Ottone,
623 2245 839 2300 episcopis.
861 2246 1032 2301 insuper
1070 2246 1287 2300 Romanis,
1327 2247 1503 2299 Italicis,
1543 2261 1567 2287 a

99 2301 372 2356 Letharingia
401 2307 441 2342 et
471 2300 657 2341 Saxonia
685 2300 1025 2356 archiepiscopis,
1061 2303 1282 2358 episcopis,
1312 2302 1565 2358 presbiteris,

99 2357 359 2407 diaconibus,
403 2357 599 2411 omnique
643 2356 929 2397 Romanorum
972 2356 1107 2412 plebe,
1154 2372 1332 2413 quorum
1372 2358 1565 2399 110111111οθ

98 2413 269 2456 inferius
306 2410 608 2465 adscribentur,
652 2412 822 2454 advenit
859 2412 1126 2467 Benedictus,
1165 2414 1419 2468 apostolicae
1459 2413 1566 2454 sedis

98 2471 278 2522 invasor,
319 2482 463 2509 eorum
501 2468 572 2522 qui
610 2482 654 2509 se
691 2467 901 2522 elegerant
929 2467 1122 2510 manibus
1152 2469 1372 2519 adductus,
1403 2469 1567 2524 pontifi-

97 2524 257 2567 calibus
287 2523 474 2565 vestibus
503 2523 688 2564 indutus.
748 2524 884 2575 Quem
913 2524 1167 2566 Benedictus
1190 2525 1410 2566 cardinalis
1435 2523 1565 2565 archi-

97 2581 298 2622 diaconus
328 2578 400 2621 tali
436 2586 498 2620 est
528 2594 717 2621 sermone
758 2579 1001 2635 adgressus:
1047 2581 1155 2633 ‘Qua
1194 2581 1268 2622 tibi
1307 2580 1565 2632 auctoritate,

96 2688 127 2720 a)
151 2696 235 2714 roma
259 2690 284 2714 1.
365 2686 395 2719 b)
418 2695 596 2720 percussera
620 2689 646 2713 1.
729 2686 754 2719 c)
780 2690 883 2713 contra
905 2695 971 2713 eum
997 2689 1022 2714 1.
1105 2688 1134 2720 d)
1157 2689 1292 2713 scissimo
1319 2689 1341 2712 1.
1413 2685 1440 2719 e)
1464 2689 1517 2712 ιη’-0
1540 2689 1565 2712 1.

102 2775 136 2818 1)
167 2776 305 2809 Contin.
340 2777 466 2817 Regin.
494 2775 581 2815 964,
616 2775 802 2807 Benedicti
838 2776 954 2807 chron.
990 2786 1019 2807 c.
1047 2775 1108 2815 37,
1147 2775 1305 2807 Gerberti
1339 2774 1430 2806 Acta
1466 2784 1565 2807 00110.

99 2827 200 2858 Rem.
229 2835 258 2858 e.
287 2823 344 2857 28.
443 2822 480 2863 2)
507 2825 619 2856 Tacet
644 2824 701 2855 hic
729 2827 849 2855 auctor
876 2828 992 2856 noster
1020 2823 1061 2855 de
1089 2824 1233 2865 synodo,
1262 2833 1364 2866 quam
1392 2823 1565 2855 Iohannes

99 2885 194 2917 papa
221 2873 342 2906 diebus
370 2872 522 2903 26—28.
549 2873 733 2904 Februarii
760 2882 869 2904 mens.
898 2873 932 2903 in
955 2872 1100 2904 basilica
1119 2874 1230 2905 sancti
1250 2873 1343 2905 Petri
1363 2872 1565 2912 celebravit,

100 2933 239 2965 quaque
269 2922 411 2954 decreta
438 2922 561 2963 prioris
588 2920 711 2963 synodi
737 2922 836 2953 irrita
861 2921 1025 2953 reddidit.
