<?xml version="1.0" encoding="UTF-8"?>
<!DOCTYPE html PUBLIC "-//W3C//DTD XHTML 1.0 Transitional//EN"
    "http://www.w3.org/TR/xhtml1/DTD/xhtml1-transitional.dtd">
<html xmlns="http://www.w3.org/1999/xhtml" xml:lang="en" lang="en">
 <head>
  <title>
</title>
<meta http-equiv="Content-Type" content="text/html;charset=utf-8" />
  <meta name='ocr-system' content='tesseract 3.04.00' />
  <meta name='ocr-capabilities' content='ocr_page ocr_carea ocr_par ocr_line ocrx_word'/>
</head>
<body>
  <div class='ocr_page' id='page_1' title='image "./operaomnia00liuduoft_0189.png"; bbox 0 0 1902 3200; ppageno 0'>
   <div class='ocr_carea' id='block_1_1' title="bbox 396 209 1513 244">
    <p class='ocr_par' dir='ltr' id='par_1_1' title="bbox 396 209 1513 244">
     <span class='ocr_line' id='line_1_1' title="bbox 396 209 1513 244; baseline -0.006 0"><span class='ocrx_word' id='word_1_1' title='bbox 396 210 691 244; x_wconf 84' lang='lat' dir='ltr'><strong>LIUDPRANDI</strong></span> <span class='ocrx_word' id='word_1_2' title='bbox 718 209 942 242; x_wconf 84' lang='lat' dir='ltr'>LEGATIO.</span> <span class='ocrx_word' id='word_1_3' title='bbox 995 209 1149 241; x_wconf 81' lang='lat'>29-31.</span> <span class='ocrx_word' id='word_1_4' title='bbox 1448 213 1513 244; x_wconf 76' lang='lat'>149</span> 
     </span>
    </p>
   </div>
   <div class='ocr_carea' id='block_1_2' title="bbox 0 290 60 2212">
    <p class='ocr_par' dir='ltr' id='par_1_2' title="bbox 0 290 60 2212">
     <span class='ocr_line' id='line_1_2' title="bbox 0 290 60 789; baseline 0 -113"><span class='ocrx_word' id='word_1_5' title='bbox 0 290 60 789; x_wconf 95' lang='lat' dir='ltr'>            </span> 
     </span>
     <span class='ocr_line' id='line_1_3' title="bbox 0 789 27 1397; baseline 0 -113"><span class='ocrx_word' id='word_1_6' title='bbox 0 789 27 1397; x_wconf 95' lang='lat' dir='ltr'>  </span> 
     </span>
     <span class='ocr_line' id='line_1_4' title="bbox 0 1397 22 2212; baseline 0 -138"><span class='ocrx_word' id='word_1_7' title='bbox 0 1397 22 2212; x_wconf 95' lang='lat' dir='ltr'>   </span> 
     </span>
    </p>
   </div>
   <div class='ocr_carea' id='block_1_3' title="bbox 0 319 1647 2645">
    <p class='ocr_par' dir='ltr' id='par_1_3' title="bbox 7 319 1644 2199">
     <span class='ocr_line' id='line_1_5' title="bbox 36 319 1582 377; baseline -0.002 -15"><span class='ocrx_word' id='word_1_8' title='bbox 36 328 191 374; x_wconf 66' lang='lat' dir='ltr'>metur,</span> <span class='ocrx_word' id='word_1_9' title='bbox 233 322 347 377; x_wconf 91' lang='lat' dir='ltr'>quod</span> <span class='ocrx_word' id='word_1_10' title='bbox 385 323 428 361; x_wconf 90' lang='lat' dir='ltr'>in</span> <span class='ocrx_word' id='word_1_11' title='bbox 466 321 529 360; x_wconf 91' lang='lat' dir='ltr'>his</span> <span class='ocrx_word' id='word_1_12' title='bbox 570 333 695 373; x_wconf 80' lang='lat' dir='ltr'>saepe</span> <span class='ocrx_word' id='word_1_13' title='bbox 734 325 955 373; x_wconf 84' lang='lat' dir='ltr'>expertum</span> <span class='ocrx_word' id='word_1_14' title='bbox 995 326 1058 359; x_wconf 86' lang='lat' dir='ltr'>cst</span> <span class='ocrx_word' id='word_1_15' title='bbox 1086 319 1294 372; x_wconf 86' lang='lat' dir='ltr'>gentibus,</span> <span class='ocrx_word' id='word_1_16' title='bbox 1334 335 1511 374; x_wconf 87' lang='lat' dir='ltr'>quarum</span> <span class='ocrx_word' id='word_1_17' title='bbox 1526 333 1582 359; x_wconf 73' lang='grc'>968</span> 
     </span>
     <span class='ocr_line' id='line_1_6' title="bbox 36 374 1512 428; baseline -0.001 -10"><span class='ocrx_word' id='word_1_18' title='bbox 36 377 163 418; x_wconf 86' lang='lat' dir='ltr'>etiam</span> <span class='ocrx_word' id='word_1_19' title='bbox 184 377 319 418; x_wconf 91' lang='lat' dir='ltr'>ultimi</span> <span class='ocrx_word' id='word_1_20' title='bbox 340 382 381 416; x_wconf 88' lang='lat' dir='ltr'>et</span> <span class='ocrx_word' id='word_1_21' title='bbox 401 382 661 416; x_wconf 88' lang='lat' dir='ltr'>caeterorum</span> <span class='ocrx_word' id='word_1_22' title='bbox 683 374 996 428; x_wconf 88' lang='lat' dir='ltr'>comparatione</span> <span class='ocrx_word' id='word_1_23' title='bbox 1016 375 1280 428; x_wconf 71' lang='lat' dir='ltr'>impotentes,</span> <span class='ocrx_word' id='word_1_24' title='bbox 1304 374 1512 416; x_wconf 77' lang='lat' dir='ltr'>Graecam</span> 
     </span>
     <span class='ocr_line' id='line_1_7' title="bbox 33 429 1514 480; baseline -0.001 -8"><span class='ocrx_word' id='word_1_25' title='bbox 33 431 320 473; x_wconf 88' lang='lat' dir='ltr'>fortitudinem</span> <span class='ocrx_word' id='word_1_26' title='bbox 351 436 599 480; x_wconf 84' lang='lat' dir='ltr'>straverunt,</span> <span class='ocrx_word' id='word_1_27' title='bbox 630 429 891 470; x_wconf 79' lang='lat' dir='ltr'>tributariam</span> <span class='ocrx_word' id='word_1_28' title='bbox 921 429 1122 469; x_wconf 82' lang='lat' dir='ltr'>fecerunt.</span> <span class='ocrx_word' id='word_1_29' title='bbox 1163 429 1283 470; x_wconf 81' lang='lat' dir='ltr'>Sicut</span> <span class='ocrx_word' id='word_1_30' title='bbox 1306 430 1417 469; x_wconf 84' lang='lat' dir='ltr'>enim</span> <span class='ocrx_word' id='word_1_31' title='bbox 1438 445 1514 471; x_wconf 86' lang='lat' dir='ltr'>vos</span> 
     </span>
     <span class='ocr_line' id='line_1_8' title="bbox 30 483 1513 538; baseline -0.003 -10"><span class='ocrx_word' id='word_1_32' title='bbox 30 501 118 527; x_wconf 43' lang='lat' dir='ltr'>*non</span> <span class='ocrx_word' id='word_1_33' title='bbox 162 494 372 538; x_wconf 83' lang='lat' dir='ltr'>terrerem,</span> <span class='ocrx_word' id='word_1_34' title='bbox 418 485 452 525; x_wconf 90' lang='lat' dir='ltr'>si</span> <span class='ocrx_word' id='word_1_35' title='bbox 497 484 745 525; x_wconf 83' lang='lat' dir='ltr'>fortissimos</span> <span class='ocrx_word' id='word_1_36' title='bbox 788 483 880 525; x_wconf 89' lang='lat' dir='ltr'>illos</span> <span class='ocrx_word' id='word_1_37' title='bbox 925 492 965 525; x_wconf 90' lang='lat' dir='ltr'>et</span> <span class='ocrx_word' id='word_1_38' title='bbox 1002 483 1247 524; x_wconf 85' lang='lat' dir='ltr'>Alexandro</span> <span class='ocrx_word' id='word_1_39' title='bbox 1291 484 1513 526; x_wconf 81' lang='lat' dir='ltr'>Macedoni</span> 
     </span>
     <span class='ocr_line' id='line_1_9' title="bbox 33 540 1515 597; baseline -0.001 -15"><span class='ocrx_word' id='word_1_40' title='bbox 33 541 190 583; x_wconf 85' lang='lat' dir='ltr'>similes</span> <span class='ocrx_word' id='word_1_41' title='bbox 219 540 494 597; x_wconf 75' lang='lat' dir='ltr'>predicarem,</span> <span class='ocrx_word' id='word_1_42' title='bbox 525 540 586 581; x_wconf 88' lang='lat' dir='ltr'>sic</span> <span class='ocrx_word' id='word_1_43' title='bbox 613 547 653 582; x_wconf 86' lang='lat' dir='ltr'>et</span> <span class='ocrx_word' id='word_1_44' title='bbox 672 554 750 581; x_wconf 81' lang='lat' dir='ltr'>vos</span> <span class='ocrx_word' id='word_1_45' title='bbox 770 546 878 580; x_wconf 74' lang='lat' dir='ltr'>nona</span> <span class='ocrx_word' id='word_1_46' title='bbox 908 540 1076 594; x_wconf 91' lang='lat' dir='ltr'>instigo,</span> <span class='ocrx_word' id='word_1_47' title='bbox 1108 553 1204 580; x_wconf 92' lang='lat' dir='ltr'>cum</span> <span class='ocrx_word' id='word_1_48' title='bbox 1224 540 1515 594; x_wconf 85' lang='lat' dir='ltr'>impotentiam</span> 
     </span>
     <span class='ocr_line' id='line_1_10' title="bbox 33 593 1512 651; baseline -0.001 -14"><span class='ocrx_word' id='word_1_49' title='bbox 33 611 191 649; x_wconf 88' lang='lat' dir='ltr'>eorum,</span> <span class='ocrx_word' id='word_1_50' title='bbox 231 610 338 651; x_wconf 88' lang='lat' dir='ltr'>quae</span> <span class='ocrx_word' id='word_1_51' title='bbox 366 610 468 636; x_wconf 78' lang='lat' dir='ltr'>vera</span> <span class='ocrx_word' id='word_1_52' title='bbox 499 602 572 647; x_wconf 88' lang='lat' dir='ltr'>est,</span> <span class='ocrx_word' id='word_1_53' title='bbox 613 609 750 636; x_wconf 82' lang='lat' dir='ltr'>narro.</span> <span class='ocrx_word' id='word_1_54' title='bbox 815 595 919 635; x_wconf 89' lang='lat' dir='ltr'>Mihi</span> <span class='ocrx_word' id='word_1_55' title='bbox 960 594 1138 635; x_wconf 85' lang='lat' dir='ltr'>credatis</span> <span class='ocrx_word' id='word_1_56' title='bbox 1175 593 1315 647; x_wconf 84' lang='lat' dir='ltr'>velim,</span> <span class='ocrx_word' id='word_1_57' title='bbox 1356 601 1397 635; x_wconf 85' lang='lat' dir='ltr'>ct</span> <span class='ocrx_word' id='word_1_58' title='bbox 1427 610 1512 636; x_wconf 88' lang='lat' dir='ltr'>crc-</span> 
     </span>
     <span class='ocr_line' id='line_1_11' title="bbox 63 650 1512 705; baseline -0.001 -13"><span class='ocrx_word' id='word_1_59' title='bbox 63 652 141 692; x_wconf 86' lang='lat' dir='ltr'>etis</span> <span class='ocrx_word' id='word_1_60' title='bbox 178 652 277 702; x_wconf 90' lang='grc'>3010,</span> <span class='ocrx_word' id='word_1_61' title='bbox 320 665 486 692; x_wconf 89' lang='grc'>0111110111</span> <span class='ocrx_word' id='word_1_62' title='bbox 523 652 660 705; x_wconf 89' lang='lat' dir='ltr'>ipsum</span> <span class='ocrx_word' id='word_1_63' title='bbox 700 651 934 691; x_wconf 84' lang='lat' dir='ltr'>exercitum</span> <span class='ocrx_word' id='word_1_64' title='bbox 975 650 1290 704; x_wconf 80' lang='lat' dir='ltr'>quadringentis</span> <span class='ocrx_word' id='word_1_65' title='bbox 1319 651 1468 690; x_wconf 86' lang='lat' dir='ltr'>vestris</span> <span class='ocrx_word' id='word_1_66' title='bbox 1481 651 1512 703; x_wconf 62' lang='grc' dir='ltr'>ὓ,</span> 
     </span>
     <span class='ocr_line' id='line_1_12' title="bbox 33 704 1511 761; baseline -0.002 -13"><span class='ocrx_word' id='word_1_67' title='bbox 33 707 69 748; x_wconf 87' lang='grc'>31</span> <span class='ocrx_word' id='word_1_68' title='bbox 98 706 211 747; x_wconf 86' lang='lat' dir='ltr'>fossa</span> <span class='ocrx_word' id='word_1_69' title='bbox 239 707 401 747; x_wconf 83' lang='lat' dir='ltr'>murive</span> <span class='ocrx_word' id='word_1_70' title='bbox 432 721 515 747; x_wconf 87' lang='lat' dir='ltr'>non</span> <span class='ocrx_word' id='word_1_71' title='bbox 545 705 789 761; x_wconf 83' lang='lat' dir='ltr'>impediant,</span> <span class='ocrx_word' id='word_1_72' title='bbox 820 720 943 761; x_wconf 85' lang='lat' dir='ltr'>posse</span> <span class='ocrx_word' id='word_1_73' title='bbox 974 704 1176 757; x_wconf 88' lang='lat' dir='ltr'>occidere,</span> <span class='ocrx_word' id='word_1_74' title='bbox 1208 706 1274 746; x_wconf 91' lang='grc'>0111</span> <span class='ocrx_word' id='word_1_75' title='bbox 1296 706 1511 757; x_wconf 85' lang='lat' dir='ltr'>exercitui,</span> 
     </span>
     <span class='ocr_line' id='line_1_13' title="bbox 31 760 1513 816; baseline -0.001 -14"><span class='ocrx_word' id='word_1_76' title='bbox 31 767 78 802; x_wconf 83' lang='lat' dir='ltr'>ut</span> <span class='ocrx_word' id='word_1_77' title='bbox 106 768 209 816; x_wconf 87' lang='lat' dir='ltr'>puto</span> <span class='ocrx_word' id='word_1_78' title='bbox 239 760 293 801; x_wconf 88' lang='lat' dir='ltr'>ad</span> <span class='ocrx_word' id='word_1_79' title='bbox 323 761 617 802; x_wconf 89' lang='lat' dir='ltr'>contumeliam</span> <span class='ocrx_word' id='word_1_80' title='bbox 648 768 844 813; x_wconf 83' lang='lat' dir='ltr'>vestram,</span> <span class='ocrx_word' id='word_1_81' title='bbox 874 761 1088 801; x_wconf 90' lang='lat' dir='ltr'>hominem</span> <span class='ocrx_word' id='word_1_82' title='bbox 1120 760 1333 815; x_wconf 88' lang='lat' dir='ltr'>quandam</span> <span class='ocrx_word' id='word_1_83' title='bbox 1355 787 1405 791; x_wconf 91' lang='lat'><strong>—</strong></span> <span class='ocrx_word' id='word_1_84' title='bbox 1439 761 1513 801; x_wconf 90' lang='lat' dir='ltr'>sed</span> 
     </span>
     <span class='ocr_line' id='line_1_14' title="bbox 32 815 1512 872; baseline -0.001 -15"><span class='ocrx_word' id='word_1_85' title='bbox 32 816 243 872; x_wconf 88' lang='lat' dir='ltr'>quandam</span> <span class='ocrx_word' id='word_1_86' title='bbox 274 831 323 857; x_wconf 91' lang='lat' dir='ltr'>eo</span> <span class='ocrx_word' id='word_1_87' title='bbox 355 816 456 869; x_wconf 86' lang='lat' dir='ltr'>dixi,</span> <span class='ocrx_word' id='word_1_88' title='bbox 489 818 589 872; x_wconf 88' lang='lat' dir='ltr'>quia</span> <span class='ocrx_word' id='word_1_89' title='bbox 618 831 708 857; x_wconf 86' lang='lat' dir='ltr'>mas</span> <span class='ocrx_word' id='word_1_90' title='bbox 739 831 828 857; x_wconf 88' lang='lat' dir='ltr'>esse</span> <span class='ocrx_word' id='word_1_91' title='bbox 849 816 984 867; x_wconf 88' lang='lat' dir='ltr'>desiit,</span> <span class='ocrx_word' id='word_1_92' title='bbox 1015 815 1164 857; x_wconf 90' lang='lat' dir='ltr'>mulier</span> <span class='ocrx_word' id='word_1_93' title='bbox 1184 816 1273 857; x_wconf 89' lang='lat' dir='ltr'>fieri</span> <span class='ocrx_word' id='word_1_94' title='bbox 1293 816 1438 871; x_wconf 91' lang='lat' dir='ltr'>nequit</span> <span class='ocrx_word' id='word_1_95' title='bbox 1457 843 1512 847; x_wconf 77' lang='lat'>——</span> 
     </span>
     <span class='ocr_line' id='line_1_15' title="bbox 30 871 1511 928; baseline -0.001 -16"><span class='ocrx_word' id='word_1_96' title='bbox 30 886 104 928; x_wconf 89' lang='lat' dir='ltr'>pre</span> <span class='ocrx_word' id='word_1_97' title='bbox 139 872 261 913; x_wconf 90' lang='lat' dir='ltr'>osuit.</span> <span class='ocrx_word' id='word_1_98' title='bbox 319 871 574 913; x_wconf 83' lang='lat' dir='ltr'>Adelbertus</span> <span class='ocrx_word' id='word_1_99' title='bbox 606 879 699 912; x_wconf 86' lang='lat' dir='ltr'>octo</span> <span class='ocrx_word' id='word_1_100' title='bbox 728 871 844 912; x_wconf 83' lang='lat' dir='ltr'>milia</span> <span class='ocrx_word' id='word_1_101' title='bbox 872 872 1143 913; x_wconf 83' lang='lat' dir='ltr'>loricatorum</span> <span class='ocrx_word' id='word_1_102' title='bbox 1175 886 1217 912; x_wconf 89' lang='lat' dir='ltr'>sc</span> <span class='ocrx_word' id='word_1_103' title='bbox 1256 871 1410 913; x_wconf 88' lang='lat' dir='ltr'>habere</span> <span class='ocrx_word' id='word_1_104' title='bbox 1441 871 1511 912; x_wconf 83' lang='lat' dir='ltr'>Ni-</span> 
     </span>
     <span class='ocr_line' id='line_1_16' title="bbox 32 925 1510 982; baseline -0.001 -14"><span class='ocrx_word' id='word_1_105' title='bbox 32 940 109 982; x_wconf 90' lang='lat' dir='ltr'>cep</span> <span class='ocrx_word' id='word_1_106' title='bbox 143 941 216 968; x_wconf 92' lang='lat' dir='ltr'>oro</span> <span class='ocrx_word' id='word_1_107' title='bbox 237 927 465 979; x_wconf 83' lang='lat' dir='ltr'>mandavit,</span> <span class='ocrx_word' id='word_1_108' title='bbox 489 928 754 982; x_wconf 80' lang='lat' dir='ltr'>quibuscum,</span> <span class='ocrx_word' id='word_1_109' title='bbox 775 926 936 981; x_wconf 82' lang='lat' dir='ltr'>Argivo</span> <span class='ocrx_word' id='word_1_110' title='bbox 958 925 1286 968; x_wconf 88' lang='lat' dir='ltr'>adminiculante</span> <span class='ocrx_word' id='word_1_111' title='bbox 1308 928 1510 979; x_wconf 83' lang='lat' dir='ltr'>exercitu,</span> 
     </span>
     <span class='ocr_line' id='line_1_17' title="bbox 30 981 1510 1036; baseline -0.001 -12"><span class='ocrx_word' id='word_1_112' title='bbox 30 996 106 1024; x_wconf 86' lang='lat' dir='ltr'>vos</span> <span class='ocrx_word' id='word_1_113' title='bbox 136 982 282 1036; x_wconf 85' lang='lat' dir='ltr'>fugare</span> <span class='ocrx_word' id='word_1_114' title='bbox 313 990 385 1023; x_wconf 88' lang='lat' dir='ltr'>aut</span> <span class='ocrx_word' id='word_1_115' title='bbox 415 990 599 1024; x_wconf 86' lang='lat' dir='ltr'>sternere</span> <span class='ocrx_word' id='word_1_116' title='bbox 631 982 745 1033; x_wconf 84' lang='lat' dir='ltr'>dicit,</span> <span class='ocrx_word' id='word_1_117' title='bbox 783 983 1031 1036; x_wconf 78' lang='lat' dir='ltr'>rogavitque</span> <span class='ocrx_word' id='word_1_118' title='bbox 1069 981 1281 1023; x_wconf 90' lang='lat' dir='ltr'>aemulum</span> <span class='ocrx_word' id='word_1_119' title='bbox 1311 988 1510 1035; x_wconf 74' lang='lat' dir='ltr'>vestrum,</span> 
     </span>
     <span class='ocr_line' id='line_1_18' title="bbox 28 1037 1510 1093; baseline -0.001 -15"><span class='ocrx_word' id='word_1_120' title='bbox 28 1044 75 1078; x_wconf 90' lang='lat' dir='ltr'>ut</span> <span class='ocrx_word' id='word_1_121' title='bbox 103 1039 284 1092; x_wconf 89' lang='lat' dir='ltr'>pecunia</span> <span class='ocrx_word' id='word_1_122' title='bbox 314 1037 370 1077; x_wconf 93' lang='lat' dir='ltr'>illi</span> <span class='ocrx_word' id='word_1_123' title='bbox 408 1039 654 1090; x_wconf 85' lang='lat' dir='ltr'>mitteretur,</span> <span class='ocrx_word' id='word_1_124' title='bbox 696 1052 779 1093; x_wconf 88' lang='lat' dir='ltr'>qua</span> <span class='ocrx_word' id='word_1_125' title='bbox 813 1037 904 1078; x_wconf 89' lang='lat' dir='ltr'>illos</span> <span class='ocrx_word' id='word_1_126' title='bbox 941 1037 1107 1077; x_wconf 81' lang='lat' dir='ltr'>avidius</span> <span class='ocrx_word' id='word_1_127' title='bbox 1145 1037 1199 1077; x_wconf 88' lang='lat' dir='ltr'>ad</span> <span class='ocrx_word' id='word_1_128' title='bbox 1233 1052 1419 1092; x_wconf 87' lang='lat' dir='ltr'>pugnam</span> <span class='ocrx_word' id='word_1_129' title='bbox 1451 1038 1510 1077; x_wconf 92' lang='lat' dir='ltr'>in-</span> 
     </span>
     <span class='ocr_line' id='line_1_19' title="bbox 28 1093 213 1148; baseline 0 -14"><span class='ocrx_word' id='word_1_130' title='bbox 28 1093 213 1148; x_wconf 84' lang='lat' dir='ltr'>stigaret.</span> 
     </span>
     <span class='ocr_line' id='line_1_20' title="bbox 139 1147 808 1199; baseline -0.001 -11"><span class='ocrx_word' id='word_1_131' title='bbox 139 1149 206 1192; x_wconf 80' lang='lat'>30.</span> <span class='ocrx_word' id='word_1_132' title='bbox 253 1148 338 1189; x_wconf 78' lang='lat' dir='ltr'>Sed</span> <span class='ocrx_word' id='word_1_133' title='bbox 368 1147 493 1199; x_wconf 82' lang='lat' dir='ltr'>nunc,</span> <span class='ocrx_word' id='word_1_134' title='bbox 524 1147 683 1188; x_wconf 89' lang='lat' dir='ltr'>domini</span> <span class='ocrx_word' id='word_1_135' title='bbox 713 1148 808 1196; x_wconf 88' lang='lat' dir='ltr'>mei,</span> 
     </span>
     <span class='ocr_line' id='line_1_21' title="bbox 193 1202 1340 1258; baseline -0.001 -15"><span class='ocrx_word' id='word_1_136' title='bbox 193 1203 415 1258; x_wconf 81' lang='lat' dir='ltr'>Accipite¹</span> <span class='ocrx_word' id='word_1_137' title='bbox 446 1202 618 1243; x_wconf 86' lang='lat' dir='ltr'>insidias</span> <span class='ocrx_word' id='word_1_138' title='bbox 649 1203 865 1255; x_wconf 62' lang='lat' dir='ltr'>Danaumg</span> <span class='ocrx_word' id='word_1_139' title='bbox 900 1210 941 1243; x_wconf 87' lang='lat' dir='ltr'>et</span> <span class='ocrx_word' id='word_1_140' title='bbox 971 1202 1142 1242; x_wconf 86' lang='lat' dir='ltr'>crimine</span> <span class='ocrx_word' id='word_1_141' title='bbox 1173 1203 1226 1243; x_wconf 91' lang='lat' dir='ltr'>ab</span> <span class='ocrx_word' id='word_1_142' title='bbox 1257 1216 1340 1242; x_wconf 90' lang='lat' dir='ltr'>uno</span> 
     </span>
     <span class='ocr_line' id='line_1_22' title="bbox 194 1258 549 1299; baseline -0.003 0"><span class='ocrx_word' id='word_1_143' title='bbox 194 1258 359 1299; x_wconf 89' lang='lat' dir='ltr'>Discite</span> <span class='ocrx_word' id='word_1_144' title='bbox 391 1273 549 1299; x_wconf 86' lang='lat' dir='ltr'>omnes.</span> 
     </span>
     <span class='ocr_line' id='line_1_23' title="bbox 26 1312 1508 1369; baseline -0.001 -15"><span class='ocrx_word' id='word_1_145' title='bbox 26 1313 291 1369; x_wconf 88' lang='lat' dir='ltr'>Nicephorus</span> <span class='ocrx_word' id='word_1_146' title='bbox 322 1314 532 1368; x_wconf 87' lang='lat' dir='ltr'>mancipio</span> <span class='ocrx_word' id='word_1_147' title='bbox 563 1313 636 1365; x_wconf 90' lang='lat' dir='ltr'>illi,</span> <span class='ocrx_word' id='word_1_148' title='bbox 667 1313 733 1354; x_wconf 91' lang='lat' dir='ltr'>cui</span> <span class='ocrx_word' id='word_1_149' title='bbox 764 1312 1033 1354; x_wconf 85' lang='lat' dir='ltr'>collectitium</span> <span class='ocrx_word' id='word_1_150' title='bbox 1054 1320 1180 1367; x_wconf 83' lang='lat' dir='ltr'>atque</span> <span class='ocrx_word' id='word_1_151' title='bbox 1204 1312 1508 1354; x_wconf 87' lang='lat' dir='ltr'>conductitium</span> 
     </span>
     <span class='ocr_line' id='line_1_24' title="bbox 28 1368 1508 1423; baseline -0.001 -13"><span class='ocrx_word' id='word_1_152' title='bbox 28 1369 341 1410; x_wconf 88' lang='lat' dir='ltr'>commendavit</span> <span class='ocrx_word' id='word_1_153' title='bbox 371 1370 617 1421; x_wconf 80' lang='lat' dir='ltr'>exercitum,</span> <span class='ocrx_word' id='word_1_154' title='bbox 648 1370 872 1423; x_wconf 88' lang='lat' dir='ltr'>pecuniam</span> <span class='ocrx_word' id='word_1_155' title='bbox 905 1369 1004 1409; x_wconf 88' lang='lat' dir='ltr'>satis</span> <span class='ocrx_word' id='word_1_156' title='bbox 1029 1383 1225 1423; x_wconf 88' lang='lat' dir='ltr'>magnam</span> <span class='ocrx_word' id='word_1_157' title='bbox 1247 1368 1326 1409; x_wconf 85' lang='lat' dir='ltr'>hac</span> <span class='ocrx_word' id='word_1_158' title='bbox 1348 1369 1508 1409; x_wconf 88' lang='lat' dir='ltr'>ratione</span> 
     </span>
     <span class='ocr_line' id='line_1_25' title="bbox 27 1422 1509 1479; baseline -0.001 -13"><span class='ocrx_word' id='word_1_159' title='bbox 27 1423 154 1477; x_wconf 86' lang='lat' dir='ltr'>dedit,</span> <span class='ocrx_word' id='word_1_160' title='bbox 194 1431 240 1465; x_wconf 91' lang='lat' dir='ltr'>ut</span> <span class='ocrx_word' id='word_1_161' title='bbox 270 1426 303 1465; x_wconf 91' lang='lat' dir='ltr'>si</span> <span class='ocrx_word' id='word_1_162' title='bbox 333 1424 586 1466; x_wconf 87' lang='lat' dir='ltr'>Adelbertus</span> <span class='ocrx_word' id='word_1_163' title='bbox 617 1439 713 1464; x_wconf 91' lang='lat' dir='ltr'>cum</span> <span class='ocrx_word' id='word_1_164' title='bbox 754 1432 913 1479; x_wconf 86' lang='lat' dir='ltr'>septem</span> <span class='ocrx_word' id='word_1_165' title='bbox 950 1422 1121 1464; x_wconf 88' lang='lat' dir='ltr'>milibus</span> <span class='ocrx_word' id='word_1_166' title='bbox 1159 1423 1427 1464; x_wconf 88' lang='lat' dir='ltr'>loricatorum</span> <span class='ocrx_word' id='word_1_167' title='bbox 1468 1431 1509 1465; x_wconf 94' lang='lat' dir='ltr'>et</span> 
     </span>
     <span class='ocr_line' id='line_1_26' title="bbox 27 1479 1507 1534; baseline -0.001 -13"><span class='ocrx_word' id='word_1_168' title='bbox 27 1493 74 1522; x_wconf 88' lang='lat' dir='ltr'>eo</span> <span class='ocrx_word' id='word_1_169' title='bbox 105 1479 298 1534; x_wconf 88' lang='lat' dir='ltr'>amplius,</span> <span class='ocrx_word' id='word_1_170' title='bbox 339 1481 447 1521; x_wconf 84' lang='lat' dir='ltr'>sicut</span> <span class='ocrx_word' id='word_1_171' title='bbox 485 1479 713 1532; x_wconf 80' lang='lat' dir='ltr'>mandavit,</span> <span class='ocrx_word' id='word_1_172' title='bbox 754 1495 797 1521; x_wconf 91' lang='lat' dir='ltr'>se</span> <span class='ocrx_word' id='word_1_173' title='bbox 827 1479 987 1531; x_wconf 86' lang='lat' dir='ltr'>adierit,</span> <span class='ocrx_word' id='word_1_174' title='bbox 1025 1486 1125 1520; x_wconf 90' lang='lat' dir='ltr'>tunc</span> <span class='ocrx_word' id='word_1_175' title='bbox 1163 1479 1408 1520; x_wconf 85' lang='lat' dir='ltr'>donativum</span> <span class='ocrx_word' id='word_1_176' title='bbox 1449 1480 1507 1521; x_wconf 79' lang='lat' dir='ltr'>eis</span> 
     </span>
     <span class='ocr_line' id='line_1_27' title="bbox 25 1533 1506 1589; baseline -0.001 -13"><span class='ocrx_word' id='word_1_177' title='bbox 25 1533 128 1576; x_wconf 85' lang='lat' dir='ltr'>illud</span> <span class='ocrx_word' id='word_1_178' title='bbox 170 1535 405 1587; x_wconf 86' lang='lat' dir='ltr'>distribuat,</span> <span class='ocrx_word' id='word_1_179' title='bbox 439 1535 557 1576; x_wconf 82' lang='lat' dir='ltr'>Cona</span> <span class='ocrx_word' id='word_1_180' title='bbox 586 1535 713 1576; x_wconf 86' lang='lat' dir='ltr'>frater</span> <span class='ocrx_word' id='word_1_181' title='bbox 743 1542 870 1575; x_wconf 83' lang='lat' dir='ltr'>suus2</span> <span class='ocrx_word' id='word_1_182' title='bbox 902 1550 998 1575; x_wconf 92' lang='lat' dir='ltr'>cum</span> <span class='ocrx_word' id='word_1_183' title='bbox 1030 1535 1191 1589; x_wconf 84' lang='lat' dir='ltr'>ipsiusc</span> <span class='ocrx_word' id='word_1_184' title='bbox 1235 1542 1274 1576; x_wconf 90' lang='lat' dir='ltr'>et</span> <span class='ocrx_word' id='word_1_185' title='bbox 1305 1534 1506 1589; x_wconf 88' lang='lat' dir='ltr'>Argolico</span> 
     </span>
     <span class='ocr_line' id='line_1_28' title="bbox 27 1589 1509 1646; baseline -0.001 -15"><span class='ocrx_word' id='word_1_186' title='bbox 27 1591 214 1632; x_wconf 80' lang='lat' dir='ltr'>exercitu</span> <span class='ocrx_word' id='word_1_187' title='bbox 257 1605 332 1631; x_wconf 73' lang='lat' dir='ltr'>vos</span> <span class='ocrx_word' id='word_1_188' title='bbox 377 1592 609 1646; x_wconf 84' lang='lat' dir='ltr'>impugnet,</span> <span class='ocrx_word' id='word_1_189' title='bbox 654 1589 907 1631; x_wconf 78' lang='lat' dir='ltr'>Adelbertus</span> <span class='ocrx_word' id='word_1_190' title='bbox 952 1605 1051 1631; x_wconf 76' lang='lat' dir='ltr'>vero</span> <span class='ocrx_word' id='word_1_191' title='bbox 1096 1590 1242 1631; x_wconf 84' lang='lat' dir='ltr'>Bareis</span> <span class='ocrx_word' id='word_1_192' title='bbox 1285 1589 1509 1645; x_wconf 80' lang='lat' dir='ltr'>diligenter</span> 
     </span>
     <span class='ocr_line' id='line_1_29' title="bbox 27 1645 1505 1702; baseline -0.001 -15"><span class='ocrx_word' id='word_1_193' title='bbox 27 1645 301 1699; x_wconf 83' lang='lat' dir='ltr'>custodiatur,</span> <span class='ocrx_word' id='word_1_194' title='bbox 343 1646 475 1687; x_wconf 83' lang='lat' dir='ltr'>donec</span> <span class='ocrx_word' id='word_1_195' title='bbox 516 1647 673 1702; x_wconf 84' lang='lat' dir='ltr'>potitus</span> <span class='ocrx_word' id='word_1_196' title='bbox 709 1646 885 1687; x_wconf 85' lang='lat' dir='ltr'>victoria</span> <span class='ocrx_word' id='word_1_197' title='bbox 921 1645 1049 1687; x_wconf 86' lang='lat' dir='ltr'>frater</span> <span class='ocrx_word' id='word_1_198' title='bbox 1083 1645 1238 1687; x_wconf 87' lang='lat' dir='ltr'>redeat.</span> <span class='ocrx_word' id='word_1_199' title='bbox 1310 1646 1435 1697; x_wconf 76' lang='lat' dir='ltr'>Quod</span> <span class='ocrx_word' id='word_1_200' title='bbox 1473 1646 1505 1686; x_wconf 91' lang='lat' dir='ltr'>si</span> 
     </span>
     <span class='ocr_line' id='line_1_30' title="bbox 24 1700 1506 1756; baseline -0.001 -13"><span class='ocrx_word' id='word_1_201' title='bbox 24 1703 197 1744; x_wconf 83' lang='lat' dir='ltr'>veniens</span> <span class='ocrx_word' id='word_1_202' title='bbox 227 1708 288 1743; x_wconf 87' lang='lat' dir='ltr'>tot</span> <span class='ocrx_word' id='word_1_203' title='bbox 317 1701 534 1743; x_wconf 91' lang='lat' dir='ltr'>hominum</span> <span class='ocrx_word' id='word_1_204' title='bbox 564 1700 793 1742; x_wconf 72' lang='lat' dir='ltr'>milianon</span> <span class='ocrx_word' id='word_1_205' title='bbox 823 1701 1004 1753; x_wconf 83' lang='lat' dir='ltr'>duxerit,</span> <span class='ocrx_word' id='word_1_206' title='bbox 1040 1706 1086 1741; x_wconf 86' lang='lat' dir='ltr'>ut</span> <span class='ocrx_word' id='word_1_207' title='bbox 1115 1701 1320 1756; x_wconf 87' lang='lat' dir='ltr'>capiatur,</span> <span class='ocrx_word' id='word_1_208' title='bbox 1351 1702 1506 1742; x_wconf 72' lang='lat' dir='ltr'>vincia-</span> 
     </span>
     <span class='ocr_line' id='line_1_31' title="bbox 25 1756 1506 1812; baseline -0.003 -12"><span class='ocrx_word' id='word_1_209' title='bbox 25 1763 104 1810; x_wconf 84' lang='lat' dir='ltr'>tur,</span> <span class='ocrx_word' id='word_1_210' title='bbox 147 1757 352 1812; x_wconf 82' lang='lat' dir='ltr'>vobisque</span> <span class='ocrx_word' id='word_1_211' title='bbox 392 1772 440 1798; x_wconf 87' lang='lat' dir='ltr'>eo</span> <span class='ocrx_word' id='word_1_212' title='bbox 482 1757 748 1798; x_wconf 76' lang='lat' dir='ltr'>venientibus</span> <span class='ocrx_word' id='word_1_213' title='bbox 790 1756 991 1809; x_wconf 90' lang='lat' dir='ltr'>tradatur,</span> <span class='ocrx_word' id='word_1_214' title='bbox 1036 1757 1209 1811; x_wconf 84' lang='lat' dir='ltr'>insuper</span> <span class='ocrx_word' id='word_1_215' title='bbox 1247 1764 1287 1797; x_wconf 89' lang='lat' dir='ltr'>et</span> <span class='ocrx_word' id='word_1_216' title='bbox 1326 1757 1506 1811; x_wconf 84' lang='lat' dir='ltr'>pecunia</span> 
     </span>
     <span class='ocr_line' id='line_1_32' title="bbox 27 1811 1504 1870; baseline 0.001 -17"><span class='ocrx_word' id='word_1_217' title='bbox 27 1826 132 1870; x_wconf 88' lang='lat' dir='ltr'>quae</span> <span class='ocrx_word' id='word_1_218' title='bbox 162 1814 199 1854; x_wconf 87' lang='grc'>01</span> <span class='ocrx_word' id='word_1_219' title='bbox 238 1812 471 1855; x_wconf 86' lang='lat' dir='ltr'>debebatur</span> <span class='ocrx_word' id='word_1_220' title='bbox 505 1819 665 1854; x_wconf 75' lang='lat' dir='ltr'>vestras</span> <span class='ocrx_word' id='word_1_221' title='bbox 702 1813 745 1852; x_wconf 89' lang='lat' dir='ltr'>in</span> <span class='ocrx_word' id='word_1_222' title='bbox 782 1827 931 1852; x_wconf 88' lang='lat' dir='ltr'>manus</span> <span class='ocrx_word' id='word_1_223' title='bbox 975 1812 1225 1863; x_wconf 88' lang='lat' dir='ltr'>conferatur,</span> <span class='ocrx_word' id='word_1_224' title='bbox 1262 1811 1406 1853; x_wconf 81' lang='lat' dir='ltr'>edixit.</span> <span class='ocrx_word' id='word_1_225' title='bbox 1467 1812 1504 1854; x_wconf 87' lang='grc' dir='ltr'>Ο</span> 
     </span>
     <span class='ocr_line' id='line_1_33' title="bbox 24 1867 1506 1922; baseline -0.003 -11"><span class='ocrx_word' id='word_1_226' title='bbox 24 1867 289 1911; x_wconf 87' lang='lat' dir='ltr'>bellatorem!</span> <span class='ocrx_word' id='word_1_227' title='bbox 319 1883 342 1908; x_wconf 94' lang='lat' dir='ltr'>o</span> <span class='ocrx_word' id='word_1_228' title='bbox 363 1867 551 1909; x_wconf 77' lang='lat' dir='ltr'>fidelem!</span> <span class='ocrx_word' id='word_1_229' title='bbox 583 1867 766 1909; x_wconf 91' lang='lat' dir='ltr'>Prodere</span> <span class='ocrx_word' id='word_1_230' title='bbox 788 1869 917 1922; x_wconf 85' lang='lat' dir='ltr'>cupit,</span> <span class='ocrx_word' id='word_1_231' title='bbox 950 1867 1046 1907; x_wconf 89' lang='lat' dir='ltr'>cuid</span> <span class='ocrx_word' id='word_1_232' title='bbox 1078 1867 1339 1908; x_wconf 86' lang='lat' dir='ltr'>defensorem</span> <span class='ocrx_word' id='word_1_233' title='bbox 1367 1873 1506 1922; x_wconf 68' lang='lat' dir='ltr'>parat,</span> 
     </span>
     <span class='ocr_line' id='line_1_34' title="bbox 25 1922 1506 1978; baseline -0.002 -12"><span class='ocrx_word' id='word_1_234' title='bbox 25 1923 285 1966; x_wconf 89' lang='lat' dir='ltr'>defensorem</span> <span class='ocrx_word' id='word_1_235' title='bbox 315 1931 448 1978; x_wconf 86' lang='lat' dir='ltr'>parat,</span> <span class='ocrx_word' id='word_1_236' title='bbox 491 1938 616 1978; x_wconf 88' lang='lat' dir='ltr'>quem</span> <span class='ocrx_word' id='word_1_237' title='bbox 654 1923 831 1978; x_wconf 87' lang='lat' dir='ltr'>perdere</span> <span class='ocrx_word' id='word_1_238' title='bbox 871 1923 1005 1978; x_wconf 63' lang='lat' dir='ltr'>cupit,</span> <span class='ocrx_word' id='word_1_239' title='bbox 1051 1923 1093 1963; x_wconf 90' lang='lat' dir='ltr'>in</span> <span class='ocrx_word' id='word_1_240' title='bbox 1130 1930 1278 1964; x_wconf 90' lang='lat' dir='ltr'>neutro</span> <span class='ocrx_word' id='word_1_241' title='bbox 1308 1922 1425 1974; x_wconf 85' lang='lat' dir='ltr'>fides,</span> <span class='ocrx_word' id='word_1_242' title='bbox 1463 1923 1506 1963; x_wconf 93' lang='lat' dir='ltr'>in</span> 
     </span>
     <span class='ocr_line' id='line_1_35' title="bbox 11 1977 1505 2035; baseline -0.002 -14"><span class='ocrx_word' id='word_1_243' title='bbox 11 1985 202 2035; x_wconf 31' lang='lat' dir='ltr'>*utroque</span> <span class='ocrx_word' id='word_1_244' title='bbox 240 1978 485 2031; x_wconf 76' lang='lat' dir='ltr'>infidelitas3</span> <span class='ocrx_word' id='word_1_245' title='bbox 529 1978 640 2025; x_wconf 76' lang='lat' dir='ltr'>fecit,</span> <span class='ocrx_word' id='word_1_246' title='bbox 681 1993 764 2033; x_wconf 90' lang='lat' dir='ltr'>quo</span> <span class='ocrx_word' id='word_1_247' title='bbox 804 1993 889 2019; x_wconf 87' lang='lat' dir='ltr'>non</span> <span class='ocrx_word' id='word_1_248' title='bbox 929 1978 1056 2033; x_wconf 82' lang='lat' dir='ltr'>eguit,</span> <span class='ocrx_word' id='word_1_249' title='bbox 1098 1979 1226 2033; x_wconf 85' lang='lat' dir='ltr'>eguit,</span> <span class='ocrx_word' id='word_1_250' title='bbox 1267 1977 1381 2033; x_wconf 88' lang='lat' dir='ltr'>quod</span> <span class='ocrx_word' id='word_1_251' title='bbox 1420 1992 1505 2018; x_wconf 90' lang='lat' dir='ltr'>non</span> 
     </span>
     <span class='ocr_line' id='line_1_36' title="bbox 7 2032 1503 2089; baseline -0.001 -13"><span class='ocrx_word' id='word_1_252' title='bbox 7 2033 192 2077; x_wconf 65' lang='lat' dir='ltr'>:feam-at.</span> <span class='ocrx_word' id='word_1_253' title='bbox 252 2034 338 2077; x_wconf 83' lang='lat' dir='ltr'>Sed</span> <span class='ocrx_word' id='word_1_254' title='bbox 368 2042 476 2087; x_wconf 79' lang='grc' dir='ltr'>031ος</span> <span class='ocrx_word' id='word_1_255' title='bbox 515 2034 673 2087; x_wconf 87' lang='lat' dir='ltr'>fecerit,</span> <span class='ocrx_word' id='word_1_256' title='bbox 704 2040 750 2075; x_wconf 88' lang='lat' dir='ltr'>ut</span> <span class='ocrx_word' id='word_1_257' title='bbox 782 2034 970 2075; x_wconf 80' lang='lat' dir='ltr'>Graecos</span> <span class='ocrx_word' id='word_1_258' title='bbox 1001 2034 1163 2078; x_wconf 76' lang='lat' dir='ltr'>decuit!</span> <span class='ocrx_word' id='word_1_259' title='bbox 1207 2032 1295 2074; x_wconf 88' lang='lat' dir='ltr'>Nos</span> <span class='ocrx_word' id='word_1_260' title='bbox 1325 2033 1380 2074; x_wconf 90' lang='lat' dir='ltr'>ad</span> <span class='ocrx_word' id='word_1_261' title='bbox 1409 2049 1503 2089; x_wconf 88' lang='lat' dir='ltr'>pro-</span> 
     </span>
     <span class='ocr_line' id='line_1_37' title="bbox 22 2090 468 2147; baseline -0.004 -15"><span class='ocrx_word' id='word_1_262' title='bbox 22 2091 205 2147; x_wconf 88' lang='lat' dir='ltr'>positum</span> <span class='ocrx_word' id='word_1_263' title='bbox 234 2090 468 2132; x_wconf 85' lang='lat' dir='ltr'>redeamus.</span> 
     </span>
     <span class='ocr_line' id='line_1_38' title="bbox 134 2143 1644 2199; baseline -0.003 -13"><span class='ocrx_word' id='word_1_264' title='bbox 134 2146 199 2187; x_wconf 83' lang='lat'>31.</span> <span class='ocrx_word' id='word_1_265' title='bbox 245 2145 573 2198; x_wconf 78' lang='lat' dir='ltr'>Quartodecimo</span> <span class='ocrx_word' id='word_1_266' title='bbox 605 2145 812 2187; x_wconf 84' lang='lat' dir='ltr'>Calendas</span> <span class='ocrx_word' id='word_1_267' title='bbox 839 2145 1026 2198; x_wconf 85' lang='lat' dir='ltr'>Augusti</span> <span class='ocrx_word' id='word_1_268' title='bbox 1061 2143 1333 2185; x_wconf 89' lang='lat' dir='ltr'>collectitium</span> <span class='ocrx_word' id='word_1_269' title='bbox 1362 2145 1500 2199; x_wconf 87' lang='lat' dir='ltr'>ipsum</span> <span class='ocrx_word' id='word_1_270' title='bbox 1516 2157 1574 2183; x_wconf 87' lang='lat' dir='ltr'>Iul.</span> <span class='ocrx_word' id='word_1_271' title='bbox 1601 2158 1644 2182; x_wconf 81' lang='lat'>19.</span> 
     </span>
    </p>

    <p class='ocr_par' dir='ltr' id='par_1_4' title="bbox 0 2199 1647 2368">
     <span class='ocr_line' id='line_1_39' title="bbox 0 2199 1642 2254; baseline -0.001 -12"><span class='ocrx_word' id='word_1_272' title='bbox 0 2202 8 2252; x_wconf 66' lang='grc' dir='ltr'>ἷ</span> <span class='ocrx_word' id='word_1_273' title='bbox 23 2200 216 2242; x_wconf 86' lang='lat' dir='ltr'>navalem</span> <span class='ocrx_word' id='word_1_274' title='bbox 253 2202 498 2253; x_wconf 80' lang='lat' dir='ltr'>exercitum,</span> <span class='ocrx_word' id='word_1_275' title='bbox 539 2216 606 2242; x_wconf 89' lang='lat' dir='ltr'>me</span> <span class='ocrx_word' id='word_1_276' title='bbox 645 2200 698 2241; x_wconf 91' lang='lat' dir='ltr'>ab</span> <span class='ocrx_word' id='word_1_277' title='bbox 736 2201 873 2252; x_wconf 89' lang='lat' dir='ltr'>invisa</span> <span class='ocrx_word' id='word_1_278' title='bbox 912 2200 1037 2241; x_wconf 86' lang='lat' dir='ltr'>domo</span> <span class='ocrx_word' id='word_1_279' title='bbox 1069 2206 1297 2254; x_wconf 87' lang='lat' dir='ltr'>spectante,</span> <span class='ocrx_word' id='word_1_280' title='bbox 1329 2199 1642 2241; x_wconf 80' lang='lat' dir='ltr'>dimisit.1u1.20.</span> 
     </span>
     <span class='ocr_line' id='line_1_40' title="bbox 0 2252 1647 2309; baseline -0.003 -11"><span class='ocrx_word' id='word_1_281' title='bbox 0 2252 329 2298; x_wconf 65' lang='lat' dir='ltr'>³Decimotertio</span> <span class='ocrx_word' id='word_1_282' title='bbox 360 2264 513 2309; x_wconf 89' lang='lat' dir='ltr'>autem,</span> <span class='ocrx_word' id='word_1_283' title='bbox 544 2271 626 2297; x_wconf 85' lang='lat' dir='ltr'>(uo</span> <span class='ocrx_word' id='word_1_284' title='bbox 658 2257 724 2297; x_wconf 86' lang='lat' dir='ltr'>die</span> <span class='ocrx_word' id='word_1_285' title='bbox 753 2255 866 2297; x_wconf 83' lang='lat' dir='ltr'>leves</span> <span class='ocrx_word' id='word_1_286' title='bbox 889 2254 1044 2296; x_wconf 81' lang='lat' dir='ltr'>Graeci</span> <span class='ocrx_word' id='word_1_287' title='bbox 1072 2256 1308 2309; x_wconf 89' lang='lat' dir='ltr'>raptionem</span> <span class='ocrx_word' id='word_1_288' title='bbox 1329 2255 1647 2297; x_wconf 75' lang='lat' dir='ltr'>*Heliao⁸p.35-1.</span> 
     </span>
     <span class='ocr_line' id='line_1_41' title="bbox 24 2274 1503 2368; baseline -0.001 -15"><span class='ocrx_word' id='word_1_289' title='bbox 24 2312 254 2368; x_wconf 88' lang='lat' dir='ltr'>prophetae</span> <span class='ocrx_word' id='word_1_290' title='bbox 293 2312 348 2353; x_wconf 87' lang='lat' dir='ltr'>ad</span> <span class='ocrx_word' id='word_1_291' title='bbox 388 2312 525 2354; x_wconf 85' lang='lat' dir='ltr'>caelos</span> <span class='ocrx_word' id='word_1_292' title='bbox 556 2274 675 2353; x_wconf 78' lang='lat' dir='ltr'>lludis</span> <span class='ocrx_word' id='word_1_293' title='bbox 713 2312 892 2352; x_wconf 85' lang='lat' dir='ltr'>scenicis</span> <span class='ocrx_word' id='word_1_294' title='bbox 932 2310 1162 2363; x_wconf 87' lang='lat' dir='ltr'>celebrant,</span> <span class='ocrx_word' id='word_1_295' title='bbox 1200 2325 1267 2352; x_wconf 90' lang='lat' dir='ltr'>me</span> <span class='ocrx_word' id='word_1_296' title='bbox 1307 2325 1351 2351; x_wconf 88' lang='lat' dir='ltr'>se</span> <span class='ocrx_word' id='word_1_297' title='bbox 1388 2311 1503 2352; x_wconf 87' lang='lat' dir='ltr'>adire</span> 
     </span>
    </p>

    <p class='ocr_par' dir='ltr' id='par_1_5' title="bbox 25 2367 1503 2645">
     <span class='ocr_line' id='line_1_42' title="bbox 54 2367 1502 2424; baseline -0.002 -15"><span class='ocrx_word' id='word_1_298' title='bbox 54 2368 226 2424; x_wconf 89' lang='lat' dir='ltr'>recepit,</span> <span class='ocrx_word' id='word_1_299' title='bbox 258 2368 327 2409; x_wconf 90' lang='lat' dir='ltr'>cui</span> <span class='ocrx_word' id='word_1_300' title='bbox 357 2376 398 2410; x_wconf 93' lang='lat' dir='ltr'>et</span> <span class='ocrx_word' id='word_1_301' title='bbox 426 2368 499 2409; x_wconf 88' lang='lat' dir='ltr'>ait:</span> <span class='ocrx_word' id='word_1_302' title='bbox 541 2367 783 2422; x_wconf 79' lang='lat' dir='ltr'>‘Imperium</span> <span class='ocrx_word' id='word_1_303' title='bbox 822 2373 1012 2408; x_wconf 86' lang='lat' dir='ltr'>nostrum</span> <span class='ocrx_word' id='word_1_304' title='bbox 1055 2367 1198 2421; x_wconf 84' lang='lat' dir='ltr'>copias</span> <span class='ocrx_word' id='word_1_305' title='bbox 1228 2367 1272 2406; x_wconf 92' lang='lat' dir='ltr'>in</span> <span class='ocrx_word' id='word_1_306' title='bbox 1302 2367 1502 2420; x_wconf 80' lang='lat' dir='ltr'>Assyrios</span> 
     </span>
     <span class='ocr_line' id='line_1_43' title="bbox 26 2382 1503 2479; baseline -0.003 -14"><span class='ocrx_word' id='word_1_307' title='bbox 26 2382 177 2465; x_wconf 54' lang='lat' dir='ltr'>ducere</span> <span class='ocrx_word' id='word_1_308' title='bbox 209 2424 378 2479; x_wconf 85' lang='lat' dir='ltr'>cogitat,</span> <span class='ocrx_word' id='word_1_309' title='bbox 408 2438 492 2464; x_wconf 88' lang='lat' dir='ltr'>non</span> <span class='ocrx_word' id='word_1_310' title='bbox 523 2437 648 2479; x_wconf 87' lang='lat' dir='ltr'>super</span> <span class='ocrx_word' id='word_1_311' title='bbox 679 2422 953 2474; x_wconf 82' lang='lat' dir='ltr'>christicolas,</span> <span class='ocrx_word' id='word_1_312' title='bbox 984 2421 1340 2478; x_wconf 88' lang='lat' dir='ltr'>quemadmodum</span> <span class='ocrx_word' id='word_1_313' title='bbox 1373 2422 1503 2463; x_wconf 88' lang='lat' dir='ltr'>domi-</span> 
     </span>
     <span class='ocr_line' id='line_1_44' title="bbox 25 2477 1503 2534; baseline -0.002 -14"><span class='ocrx_word' id='word_1_314' title='bbox 25 2493 102 2520; x_wconf 89' lang='lat' dir='ltr'>nus</span> <span class='ocrx_word' id='word_1_315' title='bbox 130 2486 242 2520; x_wconf 91' lang='lat' dir='ltr'>tuus.</span> <span class='ocrx_word' id='word_1_316' title='bbox 299 2480 502 2520; x_wconf 89' lang='lat' dir='ltr'>Preterito</span> <span class='ocrx_word' id='word_1_317' title='bbox 535 2479 691 2534; x_wconf 89' lang='lat' dir='ltr'>quippe</span> <span class='ocrx_word' id='word_1_318' title='bbox 721 2493 830 2519; x_wconf 88' lang='lat' dir='ltr'>anno</span> <span class='ocrx_word' id='word_1_319' title='bbox 859 2477 902 2518; x_wconf 89' lang='lat' dir='ltr'>id</span> <span class='ocrx_word' id='word_1_320' title='bbox 932 2478 1071 2533; x_wconf 90' lang='lat' dir='ltr'>ipsum</span> <span class='ocrx_word' id='word_1_321' title='bbox 1104 2477 1241 2519; x_wconf 86' lang='lat' dir='ltr'>facere</span> <span class='ocrx_word' id='word_1_322' title='bbox 1271 2478 1400 2527; x_wconf 85' lang='lat' dir='ltr'>volui,</span> <span class='ocrx_word' id='word_1_323' title='bbox 1432 2477 1503 2518; x_wconf 89' lang='lat' dir='ltr'>sed</span> 
     </span>
     <span class='ocr_line' id='line_1_45' title="bbox 25 2533 1503 2590; baseline -0.003 -14"><span class='ocrx_word' id='word_1_324' title='bbox 25 2534 181 2588; x_wconf 86' lang='lat' dir='ltr'>audito,</span> <span class='ocrx_word' id='word_1_325' title='bbox 227 2534 339 2590; x_wconf 91' lang='lat' dir='ltr'>quod</span> <span class='ocrx_word' id='word_1_326' title='bbox 380 2534 575 2576; x_wconf 89' lang='lat' dir='ltr'>dominus</span> <span class='ocrx_word' id='word_1_327' title='bbox 614 2541 709 2574; x_wconf 90' lang='lat' dir='ltr'>tuus</span> <span class='ocrx_word' id='word_1_328' title='bbox 748 2534 913 2588; x_wconf 90' lang='lat' dir='ltr'>imperii</span> <span class='ocrx_word' id='word_1_329' title='bbox 950 2534 1081 2574; x_wconf 89' lang='lat' dir='ltr'>nostri</span> <span class='ocrx_word' id='word_1_330' title='bbox 1118 2540 1271 2574; x_wconf 88' lang='lat' dir='ltr'>terram</span> <span class='ocrx_word' id='word_1_331' title='bbox 1307 2533 1503 2574; x_wconf 85' lang='lat' dir='ltr'>invadere</span> 
     </span>
     <span class='ocr_line' id='line_1_46' title="bbox 27 2588 1502 2645; baseline -0.003 -14"><span class='ocrx_word' id='word_1_332' title='bbox 27 2589 171 2643; x_wconf 85' lang='lat' dir='ltr'>vellet,</span> <span class='ocrx_word' id='word_1_333' title='bbox 211 2589 396 2631; x_wconf 86' lang='lat' dir='ltr'>dimissis</span> <span class='ocrx_word' id='word_1_334' title='bbox 430 2590 636 2645; x_wconf 85' lang='lat' dir='ltr'>Assyriis,</span> <span class='ocrx_word' id='word_1_335' title='bbox 674 2588 791 2629; x_wconf 88' lang='lat' dir='ltr'>illum</span> <span class='ocrx_word' id='word_1_336' title='bbox 825 2604 973 2630; x_wconf 79' lang='lat' dir='ltr'>versus</span> <span class='ocrx_word' id='word_1_337' title='bbox 1017 2588 1201 2630; x_wconf 87' lang='lat' dir='ltr'>habenas</span> <span class='ocrx_word' id='word_1_338' title='bbox 1240 2588 1502 2639; x_wconf 86' lang='lat' dir='ltr'>retorsimus;</span> 
     </span>
    </p>
   </div>
   <div class='ocr_carea' id='block_1_4' title="bbox 3 2694 1481 2730">
    <p class='ocr_par' dir='ltr' id='par_1_6' title="bbox 3 2694 1481 2730">
     <span class='ocr_line' id='line_1_47' title="bbox 3 2694 1481 2730; baseline -0.004 -7"><span class='ocrx_word' id='word_1_339' title='bbox 3 2697 6 2706; x_wconf 88' lang='lat'>¹</span> <span class='ocrx_word' id='word_1_340' title='bbox 26 2695 55 2730; x_wconf 75' lang='lat'>8)</span> <span class='ocrx_word' id='word_1_341' title='bbox 76 2698 148 2723; x_wconf 76' lang='lat' dir='ltr'>deese</span> <span class='ocrx_word' id='word_1_342' title='bbox 171 2698 198 2723; x_wconf 90' lang='lat' dir='ltr'>C.</span> <span class='ocrx_word' id='word_1_343' title='bbox 280 2697 310 2730; x_wconf 95' lang='lat' dir='ltr'>b)</span> <span class='ocrx_word' id='word_1_344' title='bbox 332 2698 432 2722; x_wconf 72' lang='lat' dir='ltr'>scilicet</span> <span class='ocrx_word' id='word_1_345' title='bbox 455 2705 516 2723; x_wconf 82' lang='lat' dir='ltr'>vos.</span> <span class='ocrx_word' id='word_1_346' title='bbox 600 2696 626 2730; x_wconf 91' lang='lat' dir='ltr'>c)</span> <span class='ocrx_word' id='word_1_347' title='bbox 650 2698 717 2729; x_wconf 82' lang='lat' dir='ltr'>ipso</span> <span class='ocrx_word' id='word_1_348' title='bbox 740 2697 767 2723; x_wconf 76' lang='lat' dir='ltr'>C.</span> <span class='ocrx_word' id='word_1_349' title='bbox 791 2698 887 2728; x_wconf 84' lang='lat' dir='ltr'>ipsius</span> <span class='ocrx_word' id='word_1_350' title='bbox 910 2704 984 2721; x_wconf 76' lang='lat' dir='ltr'>corr.</span> <span class='ocrx_word' id='word_1_351' title='bbox 1009 2695 1187 2720; x_wconf 70' lang='lat' dir='ltr'>Giesebrccht.</span> <span class='ocrx_word' id='word_1_352' title='bbox 1269 2694 1297 2726; x_wconf 76' lang='lat'>11)</span> <span class='ocrx_word' id='word_1_353' title='bbox 1322 2696 1359 2718; x_wconf 78' lang='lat' dir='ltr'>al.</span> <span class='ocrx_word' id='word_1_354' title='bbox 1382 2695 1431 2725; x_wconf 82' lang='lat' dir='ltr'>qui</span> <span class='ocrx_word' id='word_1_355' title='bbox 1455 2694 1481 2717; x_wconf 19' lang='lat' dir='ltr'>Cr</span> 
     </span>
    </p>
   </div>
   <div class='ocr_carea' id='block_1_5' title="bbox 25 2782 1502 2867">
    <p class='ocr_par' dir='ltr' id='par_1_7' title="bbox 25 2782 1502 2867">
     <span class='ocr_line' id='line_1_48' title="bbox 29 2782 1502 2864; baseline -0.002 -49"><span class='ocrx_word' id='word_1_356' title='bbox 29 2782 196 2864; x_wconf 67' lang='lat' dir='ltr'>UdVerg.</span> <span class='ocrx_word' id='word_1_357' title='bbox 223 2785 312 2817; x_wconf 87' lang='lat' dir='ltr'>Aen.</span> <span class='ocrx_word' id='word_1_358' title='bbox 340 2785 389 2825; x_wconf 89' lang='grc' dir='ltr'>ΙΙ,</span> <span class='ocrx_word' id='word_1_359' title='bbox 418 2784 474 2816; x_wconf 83' lang='lat'>65.</span> <span class='ocrx_word' id='word_1_360' title='bbox 505 2785 563 2818; x_wconf 84' lang='lat'>66.</span> <span class='ocrx_word' id='word_1_361' title='bbox 640 2784 677 2826; x_wconf 74' lang='lat'>2)</span> <span class='ocrx_word' id='word_1_362' title='bbox 697 2785 764 2824; x_wconf 84' lang='lat' dir='ltr'>Qui</span> <span class='ocrx_word' id='word_1_363' title='bbox 792 2788 825 2816; x_wconf 85' lang='lat' dir='ltr'>et</span> <span class='ocrx_word' id='word_1_364' title='bbox 853 2783 1047 2822; x_wconf 80' lang='lat' dir='ltr'>conradus,</span> <span class='ocrx_word' id='word_1_365' title='bbox 1076 2782 1230 2814; x_wconf 85' lang='lat' dir='ltr'>marchio</span> <span class='ocrx_word' id='word_1_366' title='bbox 1258 2787 1381 2824; x_wconf 85' lang='lat' dir='ltr'>postea</span> <span class='ocrx_word' id='word_1_367' title='bbox 1408 2782 1502 2823; x_wconf 84' lang='lat' dir='ltr'>Epo-</span> 
     </span>
     <span class='ocr_line' id='line_1_49' title="bbox 25 2843 205 2867; baseline 0.017 -3"><span class='ocrx_word' id='word_1_368' title='bbox 25 2843 61 2864; x_wconf 70' lang='grc' dir='ltr'>ΓΘ</span> <span class='ocrx_word' id='word_1_369' title='bbox 89 2844 205 2867; x_wconf 78' lang='lat' dir='ltr'>lenSlS·</span> 
     </span>
    </p>
   </div>
  </div>
 </body>
</html>
