1878 3201
235 389 300 415 968.

171 1105 180 1113 ’
194 1113 223 1137 p.
238 1105 302 1131 352.

320 269 386 299 146
679 268 978 300 LIUDPRANDI
1006 268 1229 302 LEGATIO.
1283 269 1436 301 22-24.

316 391 436 431 nam,
489 377 883 432 Carthaginensem,
932 379 1223 434 Ancyranam,
1281 378 1790 433 Constantinopolitanam

317 432 546 475 edicerem:
589 432 689 473 ‘Has
720 432 792 472 ha!
822 432 906 474 hefl’
944 434 1013 486 ait,
1054 432 1325 475 ‘saxonicam
1362 434 1501 475 dicere
1539 448 1582 474 es
1623 433 1788 486 oblitus,

318 503 445 544 quam
477 489 511 529 si
539 502 677 542 rogas,
713 502 787 527 cur
823 489 953 528 nostri
991 488 1155 529 codices
1184 503 1269 529 non
1298 489 1465 542 habent,
1506 488 1655 529 rudem
1685 503 1789 541 esse,

319 551 359 586 et
387 544 441 585 ad
477 558 552 584 nos
583 542 764 584 necdum
795 543 938 584 venire
968 557 1104 598 posse,
1133 544 1392 599 respondeo'.

431 599 496 640 22.
549 597 628 640 Cui
671 598 860 652 inquam:
906 598 966 638 ‘In
1011 612 1094 653 quo
1135 599 1323 641 membro
1368 605 1514 655 regnat
1556 598 1789 651 infirmitas,

319 654 423 695 illud
471 660 533 695 est
581 653 765 694 cauterio
810 652 1085 696 exurendum.
1158 654 1365 696 Haereses
1417 669 1559 696 omnes
1603 669 1627 694 a
1670 652 1792 694 vobis

320 716 580 760 emanarunt,
610 722 739 763 penes
768 722 844 748 vos
873 709 1118 762 viguerunt;
1158 723 1183 750 a
1212 710 1354 762 nobis,
1387 710 1432 750 id
1462 716 1524 751 est
1555 707 1791 750 occidenta-

318 765 441 817 libus,
470 764 539 805 hic
570 770 666 803 sunt
695 762 919 818 iugulatae,
958 763 1026 804 hic
1065 771 1161 805 sunt
1197 765 1373 816 occisae,
1431 765 1665 805 Romanam
1704 764 1791 804 sive

318 821 569 875 Papiensem
600 818 822 873 synodum,
859 832 1116 874 quamquam
1146 827 1284 861 essent
1312 833 1452 875 saepe,
1489 819 1554 861 his
1583 834 1667 860 non
1697 833 1793 859 con-

319 888 600 916 numeramus.
658 874 874 914 Romanus
907 874 1017 914 enim
1040 874 1227 927 clericus,
1257 874 1527 930 postmodum
1546 873 1793 916 universalis

318 944 442 986 papa,
474 929 718 984 Gregorius,
751 929 822 983 qui
851 943 876 969 a
904 928 1024 970 vobis
1054 929 1289 985 appellatus
1319 937 1383 971 est
1410 929 1632 985 Dialogus,
1662 929 1792 984 Euty-

321 986 462 1027 chium
493 983 1003 1039 Constantinopolitanum
1031 984 1312 1040 patriarcham
1332 985 1591 1027 haereticum
1611 983 1665 1025 ab
1687 985 1794 1026 eius-

319 1041 433 1082 modi
460 1040 622 1082 haeresi
650 1039 857 1081 liberavit.
923 1039 1080 1082 Aiebat
1116 1040 1228 1082 idem
1258 1041 1506 1096 Eutychius,
1547 1054 1626 1082 nec
1657 1038 1792 1080 solum

318 1095 496 1148 *aiebat,
543 1095 616 1137 sed
655 1096 781 1136 etiam
823 1094 1014 1149 docebat,
1060 1095 1280 1149 clamabat,
1326 1096 1601 1152 scriptitabat,
1639 1109 1716 1136 nos
1749 1095 1793 1135 in

318 1151 623 1194 resurrectione
652 1165 737 1191 non
756 1164 914 1204 veram,
947 1166 1073 1206 quam
1093 1150 1162 1191 hic
1181 1151 1395 1204 habemus,
1427 1151 1499 1193 sed
1527 1150 1794 1192 fantasticam

320 1207 532 1264 quandam
571 1220 739 1248 carnem
783 1214 1090 1261 assumpturos3
1133 1207 1252 1248 cuius
1295 1208 1447 1249 erroris
1486 1206 1593 1248 liber
1628 1220 1654 1246 a
1689 1205 1793 1247 Gre-

319 1264 438 1318 gorio
480 1261 710 1303 orthodoxe
753 1268 815 1302 est
853 1261 1111 1303 combustus.
1174 1262 1259 1304 Sed
1288 1263 1535 1304 Ennodiusa
1574 1261 1796 1316 Papiensis

319 1319 556 1373 episcopus,
585 1323 757 1372 propter
785 1316 910 1357 aliam
940 1317 1153 1372 quandam
1183 1318 1374 1359 haeresin
1402 1318 1497 1371 huc,
1528 1317 1572 1358 id
1602 1322 1663 1358 est
1685 1316 1794 1359 Con-

319 1371 642 1427 stantinopolim,
673 1386 698 1411 a
727 1372 917 1413 Romano
949 1379 1011 1413 est
1039 1374 1277 1428 patriarcha
1297 1373 1494 1426 directus,
1526 1386 1653 1428 quam
1685 1385 1796 1413 com·

319 1442 507 1484 pressam
523 1428 566 1467 in
582 1425 833 1468 catholicam
850 1434 974 1482 atque
997 1428 1273 1469 orthodoxam
1293 1428 1547 1470 reformavit.
1579 1427 1799 1469 Saxonum

320 1498 469 1540 genus,
510 1497 564 1523 ex
604 1496 687 1537 quo
728 1488 917 1523 sanctum
955 1482 1170 1524 lavacrum
1211 1489 1252 1524 et
1288 1483 1355 1525 dei
1395 1484 1559 1538 accepit
1593 1482 1798 1535 notitiam,

319 1538 433 1580 nulla
463 1545 525 1579 est
553 1538 716 1579 haeresi
747 1537 1017 1590 maculatum,
1048 1545 1094 1579 ut
1122 1538 1181 1580 ibi
1212 1538 1398 1594 synodus
1420 1539 1548 1589 fieret,
1583 1551 1667 1593 qua
1687 1551 1798 1579 erro-

320 1610 422 1647 rem,
453 1608 547 1635 cum
578 1592 717 1633 nullus
748 1600 868 1646 esset,
900 1594 1141 1649 corrigeret.
1205 1594 1371 1636 Rudem
1402 1595 1501 1650 quia
1530 1593 1635 1634 dicis
1667 1592 1799 1635 Saxo-

320 1650 446 1691 nibus
487 1664 577 1690 esse
613 1648 755 1701 fidem,
798 1649 841 1689 id
884 1649 1023 1704 ipsum
1063 1656 1104 1691 et
1140 1664 1217 1704 ego
1255 1649 1441 1702 affirmo,
1487 1663 1653 1704 semper
1688 1648 1799 1689 enim

321 1706 435 1760 apud
473 1719 543 1746 eos
586 1703 742 1745 Christi
781 1704 884 1745 fides
924 1704 1042 1745 rudis
1083 1710 1156 1758 est,
1197 1712 1238 1746 et
1266 1720 1352 1746 non
1389 1710 1524 1757 vetus,
1569 1704 1641 1745 ubi
1671 1703 1799 1745 fidem

322 1774 450 1816 opera
485 1766 727 1815 sequtmtur.
794 1759 877 1800 Hic
919 1759 1023 1801 fides
1062 1775 1146 1801 non
1185 1761 1301 1802 rudis
1341 1760 1415 1802 sed
1453 1766 1574 1802 vetus
1611 1765 1686 1812 est,
1725 1756 1801 1799 ubi

321 1816 447 1857 fidem
490 1830 618 1870 opera
656 1830 741 1856 non
781 1815 1047 1866 comitantur,
1094 1815 1168 1857 sed
1212 1817 1333 1871 quasi
1375 1830 1451 1871 pre
1491 1820 1713 1868 vetustate,
1752 1820 1800 1855 ut

321 1871 448 1913 vestis
489 1871 665 1911 contrita
677 1871 707 1922 b,
757 1871 1049 1912 contemnitur.
1127 1870 1212 1912 Sed
1250 1871 1358 1913 hanc
1397 1871 1603 1926 synodum
1643 1870 1799 1911 factam

323 1941 414 1968 esse
443 1927 487 1966 in
518 1925 703 1967 Saxonia
734 1932 847 1967 certo
879 1926 978 1978 scio,
1009 1927 1051 1966 in
1083 1941 1166 1981 qua
1185 1932 1410 1968 tractatum
1431 1933 1493 1968 est
1513 1933 1554 1967 et
1573 1926 1798 1978 firmatum,

323 1982 537 2023 decentius
567 1981 736 2022 ensibus
771 1995 961 2036 pugnare
999 1996 1126 2037 quam
1164 1981 1348 2035 calamis,
1385 1989 1426 2023 et
1465 1981 1581 2037 prius
1621 1986 1799 2022 mortem

324 2036 439 2078 obire
476 2051 602 2092 quam
639 2036 829 2077 hostibus
868 2043 987 2091 terga
1027 2036 1139 2077 dare.
1200 2037 1325 2089 Quod
1354 2036 1420 2078 vel
1454 2044 1550 2077 tuus
1588 2036 1798 2078 exercitus

323 2091 566 2147 experitur?
624 2092 674 2132 In
705 2091 830 2133 corde
860 2106 953 2132 meo
985 2092 1094 2132 dixi:
1134 2096 1186 2133 ‘et
1217 2107 1343 2148 quam
1375 2093 1457 2133 sint
1486 2105 1713 2147 pugnaces,
1753 2105 1798 2132 re

324 2148 416 2203 ipsa
445 2147 713 2202 experiatur!⁷

436 2203 502 2244 23.
546 2202 707 2243 Verum
736 2202 816 2243 hac
845 2202 992 2243 eadem
1022 2202 1103 2255 die,
1133 2210 1229 2258 post
1264 2203 1494 2256 meridiem,
1532 2202 1637 2243 adeo
1668 2202 1801 2256 impo-

326 2264 481 2299 tentem
526 2265 566 2299 et
610 2257 954 2313 transfiguratum
998 2273 1065 2299 me
1109 2259 1333 2299 revertenti
1376 2258 1429 2299 ad
1474 2257 1677 2313 palatium
1720 2256 1801 2297 sibi

326 2313 515 2368 precepit
544 2327 775 2366 occurrere,
816 2320 862 2354 ut
901 2313 1119 2355 obviantes
1149 2313 1251 2354 mihi
1282 2328 1388 2369 quae
1418 2315 1548 2369 prius,
1586 2314 1631 2354 in
1661 2318 1801 2367 stupo-

326 2383 414 2410 rem
444 2368 593 2410 mentis
624 2367 819 2409 mulieres
850 2383 1012 2410 versae:
1053 2369 1204 2421 ‘Mana,
1234 2371 1408 2421 mana'c,
1440 2368 1690 2419 clamabant,
1727 2368 1801 2407 mi-

327 2424 478 2464 seriam
528 2438 666 2464 meam
715 2424 868 2479 pugnis
917 2430 1088 2478 pectora
1132 2431 1280 2465 tunsae
1320 2424 1565 2465 dicerentd:
1624 2423 1801 2464 (ταπεινὲ

327 2480 396 2520 καὶ
430 2479 698 2535 ταλαίπωρεὶ’
750 2479 853 2531 Cui,
896 2479 1135 2534 Nicephoro
1176 2479 1336 2520 scilicet
1364 2480 1561 2531 venienti,
1601 2484 1642 2520 et
1679 2476 1801 2519 vobis

326 2534 583 2587 absentibus,
615 2534 717 2589 quid
747 2540 847 2575 tunc
877 2535 1069 2576 manibus
1103 2536 1146 2575 in
1176 2533 1337 2576 caelum
1375 2535 1521 2576 erectis
1552 2533 1800 2589 optaverim,

326 2590 545 2645 proveniat
581 2590 759 2630 utinam!
806 2589 891 2631 Sed
935 2589 1036 2630 mihi
1074 2589 1199 2632 velim
1238 2589 1430 2643 credatis,
1472 2589 1526 2631 ad
1562 2591 1693 2630 risum
1732 2603 1800 2629 me

326 2660 410 2685 non
449 2659 599 2700 parum
637 2644 788 2694 illexit,
813 2645 1068 2703 ,impatienti
1116 2646 1227 2687 enim
1268 2651 1394 2700 atque
1434 2644 1578 2686 effreni
1615 2642 1802 2685 insidens

327 2714 449 2756 equo,
489 2701 588 2742 satis
628 2715 784 2756 parvus
814 2701 1110 2757 satis‘magno.
1178 2702 1373 2756 Puppam
1402 2701 1541 2755 ipsum
1571 2714 1689 2741 mens
1720 2697 1802 2739 sibi

326 2756 519 2810 depinxit
547 2770 653 2808 mea,
686 2770 811 2811 quam
843 2755 1012 2797 Schlavi
1049 2757 1175 2798 vestri
1213 2757 1365 2811 equino
1397 2754 1641 2810 colligantes
1671 2753 1798 2810 pullo,

326 2817 500 2853 matrem
531 2811 826 2866 precedentem
858 2813 975 2867 sequi
1006 2812 1203 2854 effrenate
1237 2812 1464 2852 dimittunt.

437 2867 503 2907 ⁴24.
548 2867 625 2907 His
670 2866 859 2922 expletiS,
903 2868 957 2908 ad
1002 2868 1194 2909 concives
1239 2874 1280 2907 et
1323 2865 1626 2908 cohabitatores
1671 2878 1797 2917 meos,

327 2937 355 2969 a)
380 2938 513 2962 Euodius
536 2938 564 2963 C.
590 2939 744 2963 [innodius
768 2939 945 2963 mesela-erm.
988 2939 1017 2972 h)
1041 2942 1213 2970 contempta
1235 2939 1262 2964 C.
1304 2937 1330 2971 c)
1352 2938 1380 2962 id
1403 2940 1457 2970 cst,
1479 2940 1574 2963 mater
1594 2940 1690 2962 mater
1715 2936 1800 2961 ΒΔΕ.

327 2976 356 3008 d)
378 2977 543 3001 Dicebatur
565 2978 590 3002 C.
615 2978 747 3002 dicerent
771 2978 949 3002 Giesebrecht.
