1878 3201
354 248 421 279 140
738 245 1037 279 LIUDPRANDI
1064 246 1287 279 LEGATIO.
1342 245 1446 277 7-9,

271 370 526 399 968 Su01'um
555 358 655 411 iugo
686 371 820 412 usque
851 356 905 396 ad
931 371 1104 411 presens
1135 356 1278 409 exiret,
1310 357 1344 396 si
1368 370 1464 407 non,
1495 355 1699 396 immensa
1725 354 1823 396 data

217 409 285 434 Iun·
312 409 336 433 ⁷·
350 414 542 469 pecunia,
571 413 810 453 Romanosa
840 412 1067 466 impera-tor
1095 412 1225 452 nostri
1249 412 1359 466 regis
1380 411 1573 465 Hugonis
1593 410 1822 451 amicitiam

352 476 546 511 emeret1.
606 468 662 508 Et
690 467 793 507 haec
821 480 950 506 causa
978 466 1067 519 fuit,
1099 467 1211 521 quod
1239 467 1382 521 nepoti
1411 481 1486 507 suo
1516 473 1557 507 et
1576 466 1820 521 aequivoco,
1859 467 1867 531 ἶ

351 525 463 580 regis
493 524 635 575 nostri,
665 521 853 564 ciusdem
882 521 1090 576 Hugonis,
1131 522 1317 577 spuriam
1347 523 1539 577 coniugio
1570 520 1823 576 copulavit².
1862 532 1866 566 ὶ

351 580 420 632 Et,
450 587 498 620 ut
527 577 757 629 considero,
789 577 958 618 domino
988 591 1081 618 meo
1111 592 1195 617 non
1224 577 1402 633 gratiam
1432 578 1505 619 sed
1531 577 1822 633 impotentiam

352 634 540 686 ascribis,
600 633 683 673 uod
712 638 808 688 post
836 632 983 673 Italiae
1014 647 1088 673 seu
1107 633 1266 674 Romae
1287 633 1604 688 acquisitionem
1624 638 1685 673 tot
1703 632 1824 672 annis
1862 631 1866 641 ”

352 705 444 731 eam
474 690 551 731 tibi
572 649 797 729 sdimiserit.
856 688 1110 730 Societatem
1139 703 1237 729 vero
1268 688 1490 741 amicitiae,
1524 703 1650 744 quam
1680 694 1721 729 te
1749 701 1822 743 pa-

350 745 509 787 rentela
535 744 717 785 voluisse
747 743 884 785 facere
915 743 1032 796 dicis,
1060 743 1250 785 fraudem
1269 758 1346 785 nos
1367 743 1592 799 dolumque
1612 751 1822 795 tenemus3

169 809 336 836 'inducias-
350 801 588 856 pausanas*
619 800 767 855 exigis,
798 814 901 855 quas
931 813 1010 840 nec
1038 805 1079 840 tc
1109 800 1279 852 exigere
1315 814 1452 854 neque
1487 813 1563 840 nos
1594 798 1823 840 concedere

350 857 456 898 ratio
486 857 578 911 ipsa
608 854 832 911 compellit.
890 855 1051 896 Verum
1085 862 1132 896 ut
1159 854 1325 896 fallacia
1353 854 1634 910 exsculpatur,
1670 855 1824 896 veritas

351 926 436 953 non
465 912 709 953 reticeatur:
745 911 859 952 misit
896 926 963 951 me
1000 910 1193 951 dominus
1232 926 1350 952 meus
1380 910 1435 951 ad
1464 916 1516 962 te,
1555 916 1602 951 ut
1630 911 1665 951 si
1695 910 1824 959 filiam

351 967 531 1008 Romani
572 967 835 1022 imperatoris
879 973 920 1008 et
959 965 1269 1021 Theophanaeb
1312 967 1609 1022 imperatricis,
1655 965 1825 1008 domino

352 1037 445 1064 meo
494 1022 580 1063 filio
630 1037 718 1075 suo,
767 1022 912 1064 Ottoni
959 1023 1201 1078 imperatori
1250 1028 1443 1077 augusto,
1491 1023 1534 1062 in
1583 1022 1826 1076 coniugium

351 1078 516 1120 tradere
546 1077 742 1131 volueris,
772 1079 1005 1119 iuramento
1034 1078 1137 1118 mihi
1166 1077 1360 1130 affirmes,
1391 1084 1432 1118 et
1458 1092 1548 1133 ego,
1578 1092 1655 1133 pro
1676 1078 1827 1133 gratia-

351 1149 446 1175 rum
489 1134 879 1189 recompensatione
922 1133 1026 1175 haec
1076 1140 1117 1174 et
1158 1133 1262 1175 haec
1307 1133 1525 1175 dominum
1567 1148 1706 1174 meum
1749 1132 1826 1174 tibi

351 1190 561 1231 facturum
601 1197 641 1231 et
681 1188 1012 1242 observaturum,
1055 1189 1320 1231 iureiurando
1365 1187 1597 1230 affirmabo.
1657 1188 1743 1230 Sed
1787 1196 1828 1230 et

354 1247 557 1301 optimam
586 1246 793 1287 amicitiae
823 1244 1078 1299 arabonam⁰
1106 1245 1355 1287 fraternitati
1384 1252 1479 1286 tuae
1499 1259 1611 1285 nunc
1633 1245 1827 1285 dominus

352 1316 472 1342 meus
513 1300 698 1353 contulit,
745 1315 841 1341 cum
881 1300 1110 1356 Appuliam
1155 1315 1321 1342 omnem
1365 1300 1562 1356 potestati
1604 1300 1827 1353 subditam,

352 1371 447 1397 meo
476 1357 729 1408 interventu,
770 1357 889 1397 cuius
926 1357 1006 1397 hoc
1044 1357 1313 1411 suggestione
1351 1355 1507 1395 malum
1543 1355 1701 1396 factum
1738 1370 1828 1397 6886

353 1412 457 1453 dicis
468 1412 499 1451 (¹.
559 1410 691 1452 Cuius
720 1412 780 1452 rei
808 1417 869 1452 tot
899 1419 994 1452 sunt
1021 1418 1160 1465 testes,
1203 1419 1304 1466 quot
1339 1417 1434 1452 sunt
1462 1411 1589 1452 totius
1618 1410 1829 1466 Appuliae

352 1467 621 1508 habitatores.

207 1541 334 1576 ⁸p.349.
464 1524 522 1564 *8.
555 1522 787 1575 ‘Secunda’,
817 1523 952 1578 inquit
970 1522 1247 1578 Nicephorus,
1278 1522 1392 1563 ‘hora
1412 1523 1495 1562 iam
1516 1522 1699 1575 transiit3
1731 1536 1831 1578 προ-

354 1579 520 1630 ἐλευσις,
550 1578 595 1618 id
625 1583 686 1620 est
716 1579 941 1633 processio,
981 1579 1100 1620 nobis
1140 1586 1202 1619 est
1241 1577 1503 1620 celebranda.
1562 1577 1688 1629 Quod
1717 1593 1830 1620 nunc

353 1635 479 1675 instat
507 1648 695 1689 agamus.
756 1633 914 1675 Contra
941 1634 1056 1687 haec,
1089 1649 1184 1675 cum
1217 1641 1469 1689 oportunum
1495 1633 1630 1686 fuerit,
1659 1648 1830 1690 respon-

354 1690 572 1732 debimus'.

466 1746 503 1787 9.
548 1745 645 1786 Νο11
687 1746 831 1801 pigeat
873 1760 960 1799 me,
1006 1746 1243 1800 προέλευσιν
1286 1746 1422 1800 ipsam
1464 1745 1746 1798 describere3,
1791 1751 1833 1786 et

355 1801 546 1842 dominos
598 1816 735 1853 meos,
784 1801 941 1846 audire.
1013 1802 1333 1856 Negotiatorum
1386 1800 1608 1842 multitudo
1659 1801 1830 1856 copiosa

353 1856 688 1912 ignobiliumque
714 1871 1000 1912 personarum,
1032 1872 1080 1898 ea
1110 1856 1428 1912 sollempnitate,
1460 1856 1646 1909 collecta,
1668 1857 1722 1897 ad
1742 1871 1830 1897 sus-

355 1913 592 1968 ceptionem
622 1919 663 1954 et
691 1912 859 1953 laudem
889 1912 1129 1968 Nicephori,
1162 1927 1187 1952 a
1216 1912 1370 1968 palatio
1402 1927 1536 1967 usque
1565 1911 1620 1952 ad
1640 1918 1829 1953 sanctam

357 1968 571 2022 Sophiam,
613 1969 732 2024 quasi
761 1983 836 2023 pro
867 1969 1011 2021 muris,
1055 1969 1150 2009 viae
1190 1969 1401 2022 margines
1438 1968 1584 2019 tenuit,
1629 1967 1831 2023 clypeolis

354 2024 553 2065 tenuibus
597 2024 696 2065 satis
740 2032 782 2065 et
821 2024 990 2079 spiculis
1031 2024 1184 2066 vilibus
1229 2023 1493 2065 dedecorata.
1560 2022 1752 2065 Accessit
1791 2029 1832 2065 et

355 2079 409 2119 ad
449 2079 666 2120 dedecoris
709 2080 833 2120 huius
871 2087 1157 2135 augmentum,
1204 2079 1318 2134 quod
1355 2078 1472 2133 vulgi
1516 2079 1649 2134 ipsius
1725 2079 1830 2120 otior

355 2149 465 2190 pars,
505 2135 559 2175 ad
588 2134 756 2176 laudem
793 2136 939 2191 ipsius,
982 2135 1107 2176 nudis
1143 2142 1406 2191 processerat
1441 2134 1632 2189 pedibus.
1691 2093 1829 2176 (Bjredo

357 2192 417 2231 sic
448 2205 519 2231 eos
549 2197 732 2246 putasse,
771 2199 958 2233 sanctam
994 2192 1132 2247 ipsam
1170 2192 1310 2247 potius
1341 2205 1544 2232 exornare
1575 2190 1829 2247 προέλευσιν.

359 2246 443 2287 Sed
474 2254 514 2287 et
545 2248 765 2302 optimates
798 2247 873 2299 sui,
916 2247 986 2302 qui
1025 2262 1120 2287 cum
1150 2247 1241 2302 ipso
1272 2261 1348 2302 per
1375 2245 1584 2302 plebeiam
1614 2251 1655 2287 et
1684 2245 1830 2287 discal-

358 2309 520 2343 ceatam
564 2302 873 2344 multitudinem
917 2304 1053 2358 ipsam
1096 2303 1364 2353 transierant,
1408 2303 1573 2357 magnis
1618 2309 1659 2343 et
1700 2302 1830 2342 nimia

357 2364 562 2399 vetustate
592 2359 751 2399 rimatis
781 2359 933 2399 tunicis
974 2366 1090 2400 erant
1128 2359 1276 2400 induti.
1336 2358 1446 2399 Satis
1485 2357 1700 2399 decentius
1731 2357 1830 2398 coti-

359 2413 483 2454 diana
526 2422 642 2455 veste
686 2414 820 2455 induti
863 2413 1150 2469 procederent.
1208 2413 1357 2454 Nullus
1403 2418 1474 2466 est,
1517 2414 1635 2454 cuius
1679 2419 1828 2454 atavus

359 2519 387 2553 a)
411 2528 554 2546 romanus
577 2523 604 2546 C.
686 2522 716 2554 b>
740 2523 928 2554 Tbeophanu
950 2523 1035 2554 Zeqerc
1056 2523 1172 2547 mallem.
1266 2520 1291 2554 c)
1314 2522 1351 2546 αῖ.
1375 2523 1519 2553 optimum
1541 2521 1720 2546 arrabonem
1743 2520 1831 2546 ΒΑΗ.

359 2560 388 2592 d)
412 2561 469 2586 scil.
491 2561 658 2586 dimiserit?
680 2562 860 2593 reliquerit?

361 2637 397 2680 1)
426 2639 480 2671 Cf.
509 2638 551 2669 de
577 2637 720 2670 foedere
748 2638 790 2669 ab
810 2638 961 2680 Hugone
979 2648 1062 2679 rege
1084 2647 1161 2668 cum
1179 2637 1336 2668 Romano
1355 2637 1425 2668 icto
1444 2637 1523 2668 Ant.
1543 2636 1599 2668 ΙΙΙ
1620 2646 1650 2668 6.
1675 2635 1830 2667 22-24.

359 2688 579 2730 Epiphanius
604 2687 914 2729 protospatharius,
942 2687 1001 2728 qui
1028 2696 1059 2717 a.
1080 2686 1149 2716 935
1178 2685 1328 2717 classem
1349 2690 1468 2717 contra
1486 2685 1662 2727 principes
1681 2684 1828 2727 Apuliae

361 2736 468 2775 duxit,
494 2736 638 2777 Hugoni
666 2737 743 2776 regi
771 2736 1010 2767 centenarium
1044 2745 1148 2766 unum
1176 2737 1377 2765 numeratae
1403 2734 1575 2776 pecuniae
1602 2733 1692 2765 dono
1721 2732 1830 2773 dedit,

359 2789 397 2816 ut
422 2788 482 2816 aut
507 2786 619 2826 ipsum
647 2785 781 2816 socium
808 2783 892 2815 belli
916 2788 976 2816 aut
995 2784 1114 2826 copias
1133 2783 1176 2814 ab
1197 2793 1237 2814 6ο
1258 2783 1380 2814 missas
1399 2782 1599 2824 adquireret
1616 2782 1688 2825 (De
1708 2782 1827 2813 cerim.

361 2833 461 2865 aulae
489 2834 524 2865 II
553 2843 582 2864 c.
605 2833 651 2863 44
677 2844 709 2874 p.
739 2832 836 2874 661).
918 2831 955 2874 2)
983 2832 1036 2864 Cf.
1063 2832 1144 2864 Ant.
1170 2832 1201 2862 V
1229 2842 1258 2863 c.
1287 2831 1343 2863 14.
1374 2832 1429 2862 15.
1458 2831 1514 2863 20.
1590 2830 1628 2873 3)
1656 2831 1709 2863 Cf.
1738 2830 1829 2863 Con—

361 2883 502 2914 stantini
529 2882 821 2924 Porphyrogeniti
847 2881 974 2913 librum
995 2880 1037 2912 de
1057 2881 1263 2912 ceremoniis
1289 2880 1389 2911 aulae
1415 2881 1631 2922 Byzantinae
1651 2880 1691 2911 L.
1711 2880 1727 2911 I
1748 2889 1776 2912 c.
1795 2879 1829 2911 9.
