1837 3209
168 1020 265 1046 Exod.

157 1060 206 1092 23,
230 1059 276 1084 22.

93 1194 163 1227 Sap.
182 1194 208 1227 5,
232 1195 278 1222 21.

205 1304 277 1340 (1‘·)

209 1914 276 1940 883.

294 243 315 273 4
528 241 829 274 LIUDPRANDI
855 241 1199 274 ANTAPODOSIS.
1250 241 1344 274 LIB.
1373 241 1402 273 Ι.
1458 241 1562 273 1—3.

294 366 441 393 verum
478 351 626 393 auditu
663 352 754 406 ipso
796 366 880 392 non
918 366 1069 406 parum
1107 365 1283 404 nocuus,
1322 351 1447 392 tomis
1477 351 1772 392 memorandus

292 406 547 459 inscribitur,
608 406 681 447 uid
710 407 885 447 istorum
914 408 1214 460 imperatorum
1243 405 1364 458 bella,
1403 406 1528 459 Iullii,
1565 407 1771 462 Pompeii,
1826 431 1832 458 ,ι

292 461 559 514 Hannibalis,
579 422 814 516 ‹iratrisque
841 463 930 502 eius
951 460 1216 513 Asdrubalis,
1245 474 1294 501 ac
1317 461 1524 516 Scipionis
1545 461 1773 514 Africani³‚
1829 474 1832 503 τ

292 518 507 572 insignum
544 518 858 572 imperatorum,
894 515 1090 557 laudibus
1130 516 1378 570 coequanda
1414 516 1635 558 silebitur?
1675 531 1773 558 cum
1829 512 1831 531 ³

292 573 515 628 presertim
543 573 588 611 in
616 571 680 612 his
710 572 763 612 sit
798 571 958 612 domini
998 571 1128 611 nostri
1156 570 1255 612 Iesu
1285 571 1453 624 Christi,
1493 572 1594 612 dum
1630 578 1773 613 sancte

293 629 488 679 vixerint,
518 626 684 668 bonitas
713 626 942 679 recitanda,
972 632 1062 666 tum
1093 626 1127 665 si
1158 625 1260 680 quid
1289 626 1549 682 deliquerint,
1590 626 1772 668 salubris

293 682 346 723 ab
378 683 527 724 eodem
558 682 758 724 correctio
789 680 1091 723 memoranda?
1139 681 1228 721 Nec
1258 689 1425 723 moveat
1453 683 1707 738 quempiam,
1739 682 1773 723 si

292 753 546 779 enervorum
594 737 703 779 facta
750 752 899 791 regum
950 736 1245 790 principumve
1294 737 1628 778 effeminatorum
1675 737 1774 778 huic

292 793 476 834 libellulo
516 794 744 833 inseruero.
811 792 909 832 Una
952 799 1015 832 est
1051 792 1162 831 enim
1199 792 1309 832 iusta
1350 791 1417 833 dei
1461 793 1772 847 omnipotentiS,

292 850 423 903 patris
461 847 621 889 scilicet
659 847 735 887 filii
765 854 805 888 et
836 846 1009 902 spiritus
1040 847 1184 897 sancti,
1223 847 1378 899 virtus,
1421 861 1528 902 quae
1557 847 1633 888 hos
1664 848 1774 888 iuste

293 904 381 944 suis
420 918 497 959 pro
534 902 763 944 sceleribus
804 902 1064 957 comprimit,
1100 900 1192 942 illos
1230 901 1369 956 dignis
1408 917 1485 957 pro
1515 903 1673 943 meritis
1703 917 1774 944 ex-

291 958 410 999 tollit.
469 958 590 998 Haec
632 958 807 1012 inquam
851 964 914 998 est
957 971 1057 997 vera
1094 956 1253 997 domini
1296 958 1430 998 nostri
1473 958 1572 998 Iesu
1617 957 1775 999 Christi

293 1014 447 1054 sanctis
477 1013 719 1068 promissio:
752 1012 960 1054 ‘Observa
990 1018 1030 1053 et
1049 1012 1148 1052 audi
1169 1026 1318 1053 vocem
1340 1027 1490 1065 ineam,
1518 1018 1558 1053 et
1577 1012 1774 1054 inimicus

292 1084 362 1110 ero
392 1069 574 1109 inimicis
604 1069 700 1121 tuis,
733 1074 774 1109 et
803 1068 1023 1122 affigentes
1053 1075 1093 1109 te
1123 1067 1306 1122 afligam,
1338 1076 1379 1109 et
1407 1068 1605 1123 precedet
1633 1074 1674 1109 te
1704 1083 1775 1109 an-

291 1124 411 1180 gelus
441 1126 584 1165 meus',
643 1124 725 1165 Per
757 1123 1022 1165 Salemonem
1054 1137 1223 1178 quoque
1260 1124 1480 1178 sapientia,
1516 1138 1624 1178 quae
1656 1123 1775 1165 Chri-

293 1188 382 1222 stus
418 1186 502 1231 cst,
541 1179 714 1220 clamat:
760 1178 987 1233 ‘Pugnabit
1027 1192 1104 1234 pro
1142 1193 1190 1219 eo
1232 1178 1345 1219 orbis
1388 1186 1593 1220 terrarum
1631 1184 1774 1219 contra

291 1236 550 1277 insensatos’.
611 1234 739 1286 Quod
768 1234 939 1275 cottidie
970 1234 1060 1275 fieri
1073 1234 1103 1281 ¹³,
1144 1235 1270 1275 etiam
1301 1235 1373 1290 qui
1403 1235 1550 1287 stertit,
1587 1233 1775 1275 animad-

291 1292 430 1332 vertit.
479 1290 539 1331 Ut
567 1297 710 1331 autem
740 1290 911 1331 evidens
942 1305 995 1330 ex
1024 1290 1255 1330 innumeris
1286 1289 1490 1330 subdatur
1519 1288 1774 1345 exemplum,

291 1362 358 1388 me
397 1351 561 1387 tacente
596 1345 816 1400 loqueturc
854 1344 1027 1399 opidum
1062 1344 1270 1386 vocabulo
1300 1346 1579 1386 Fraxinetum
1593 1353 1620 1396 1,
1661 1344 1775 1400 quod

291 1404 335 1443 in
354 1401 598 1444 Italicorum
617 1399 1023 1456 Provintialiumque
1055 1400 1236 1441 confinio
1269 1407 1377 1442 stare
1407 1401 1675 1441 manifestum
1701 1406 1774 1441 est.

402 1458 440 1498 2.
487 1456 619 1497 Cuius
648 1463 695 1497 ut
725 1456 886 1497 cunctis
915 1455 1073 1511 liquido
1104 1463 1246 1511 pateat
1267 1457 1384 1508 situs,
1418 1455 1775 1511 quemadmodum

290 1519 419 1554 temet
448 1512 577 1552 latere
607 1512 779 1552 minime
809 1525 917 1562 reor,
954 1512 1083 1551 immo
1113 1510 1261 1551 melius
1292 1512 1412 1562 scire,
1454 1513 1563 1552 sicut
1589 1511 1641 1552 ab
1671 1512 1774 1566 ipsis

292 1569 366 1624 qui
395 1567 526 1608 vestri
568 1572 665 1606 sunt
693 1567 905 1607 tributarii
935 1566 1059 1620 regis,
1095 1566 1457 1607 Abderahamem²
1490 1565 1660 1617 scilicet,
1700 1580 1773 1621 po-

290 1623 407 1665 testis
439 1623 644 1674 conicere,
675 1622 782 1661 mari
811 1636 895 1661 uno
926 1625 980 1661 ex
1010 1620 1139 1663 latere
1170 1622 1373 1676 cingitur,
1411 1621 1588 1662 caeteris
1618 1621 1775 1662 densis-

292 1680 398 1719 sima
435 1680 651 1733 spinarum
687 1676 792 1717 silva
828 1677 1028 1717 munitur.
1087 1677 1225 1728 Quam
1256 1678 1290 1717 si
1319 1677 1532 1731 ingressus
1564 1677 1777 1732 quispiam

291 1734 429 1786 fuerit,
468 1734 528 1774 ita
557 1733 740 1773 sentium
770 1733 975 1773 curvitate
1010 1738 1176 1773 tenetur
1187 1733 1218 1785 d,
1255 1733 1498 1773 acutissima
1527 1732 1776 1774 rectitudine

292 1789 542 1845 perforatur,
573 1795 619 1828 ut
648 1802 784 1842 neque
813 1788 1121 1842 progressionis
1151 1802 1286 1843 neque
1316 1787 1486 1840 reditus,
1516 1787 1598 1827 nisi
1622 1802 1776 1842 magno

294 1859 390 1885 011111
419 1843 575 1894 labore,
606 1842 761 1883 habeat
789 1842 1042 1884 facultatem.

406 1901 444 1940 3.
490 1898 575 1940 Sed
606 1897 757 1950 oculto,
787 1905 829 1939 et
859 1898 1057 1953 quoniam
1089 1912 1209 1939 secus
1239 1912 1330 1938 esse
1366 1912 1452 1938 non
1492 1903 1631 1953 potest
1666 1898 1777 1939 iusto

296 1955 364 1996 dei
392 1954 555 2006 iuditio,
584 1953 675 1994 XX
703 1959 866 1994 tantum
898 1953 1099 1994 Saraceni
1127 1952 1249 1994 lintre
1279 1953 1457 2009 parvula
1486 1968 1541 1993 ex
1568 1953 1778 2008 Hispania

295 2011 466 2065 egressi,
496 2008 686 2050 nolentes
715 2009 822 2050 istuc
860 2016 985 2049 vento
1021 2008 1147 2050 delati
1186 2015 1294 2050 sunt.
1360 2009 1443 2060 Qui
1477 2009 1611 2063 pirate
1648 2015 1778 2050 noctu

295 2067 466 2120 egressi,
495 2063 726 2120 villamque
746 2063 854 2105 clam
875 2065 1066 2118 ingressi,
1099 2063 1370 2117 christicolas,
1402 2078 1478 2119 pro
1501 2062 1631 2116 dolor,
1657 2065 1777 2119 iugu-

294 2121 394 2173 lant,
423 2119 648 2175 locumque
677 2119 757 2160 sibi
787 2120 1006 2175 proprium
1026 2119 1263 2171 vendicant,
1291 2126 1562 2174 montemque
1581 2119 1778 2160 Maurum

294 2175 463 2217 villulae
503 2175 771 2217 coherentem
812 2183 955 2216 contra
993 2176 1152 2215 vicinas
1188 2182 1335 2230 gentes
1365 2175 1576 2230 refugium
1605 2180 1777 2230 parant,

295 2232 486 2286 spineam
526 2230 676 2271 silvam
714 2231 794 2271 hoc
830 2238 954 2286 pacto
998 2231 1199 2271 maiorem
1237 2237 1278 2271 et
1313 2230 1553 2285 spissiorem
1593 2244 1668 2271 sua
1700 2244 1777 2285 pro

295 2287 469 2328 tuitione
499 2287 703 2339 fatientes,
733 2294 780 2327 ut
810 2288 843 2327 si
875 2287 968 2341 quis
1000 2300 1054 2326 ex
1084 2300 1133 2326 ea
1161 2284 1227 2327 vel
1256 2300 1420 2326 ramum
1441 2285 1657 2338 incideret,
1689 2300 1777 2325 11111-

297 2343 433 2382 cronis
470 2343 742 2396 percussione
779 2342 990 2382 hominem
1033 2342 1182 2382 exiret:
1227 2342 1374 2396 sicque
1410 2341 1569 2383 factum
1608 2346 1691 2392 est,
1732 2346 1778 2381 ut

298 2398 433 2438 omnis
478 2404 620 2452 preter
659 2398 783 2437 unius
827 2397 1152 2451 angustissimae
1195 2397 1289 2437 viae
1335 2396 1475 2438 aditus
1525 2395 1775 2437 demeretur.

296 2452 401 2493 Loci
440 2453 568 2506 igitur
603 2454 828 2507 asperitate
868 2452 1033 2503 confisi,
1073 2452 1234 2492 vicinas
1271 2458 1418 2506 gentes
1458 2451 1566 2492 clani
1602 2452 1778 2492 circum-

298 2601 327 2634 a)
350 2603 431 2631 deest,
453 2602 512 2626 zoco
534 2609 623 2627 vacuo
647 2604 672 2627 3.
743 2601 774 2634 b)
797 2602 868 2626 deest
891 2602 917 2627 5.
941 2601 994 2626 5a.
1068 2601 1093 2633 c)
1119 2601 1254 2632 loquitur
1276 2602 1302 2626 3.
1376 2602 1405 2633 d)
1430 2604 1450 2626 t.
1473 2604 1502 2627 et
1525 2609 1552 2627 a.
1576 2601 1602 2625 5,
1625 2601 1677 2626 ba.
1701 2599 1776 2626 521⁸.

298 2640 320 2673 ‘)
343 2641 383 2666 ita
405 2642 499 2672 capita
521 2641 672 2666 editionum
695 2641 872 2665 anteriorum
894 2641 1025 2666 indiam-i.

300 2757 336 2800 1)
363 2757 673 2797 Garde-Frainen
700 2755 794 2788 haud
820 2757 943 2799 procul
969 2768 990 2789 a
1016 2758 1153 2790 Freius.
1207 2757 1260 2789 Cf.
1290 2757 1416 2789 Chron.
1443 2757 1691 2790 Novaliciense
1714 2758 1775 2797 IV,

299 2816 330 2839 0.
357 2807 415 2839 22.
443 2807 500 2838 23.
528 2806 591 2838 26:
620 2806 679 2849 qui
705 2806 741 2836 in
768 2809 885 2837 monte
912 2805 1009 2838 silvis
1035 2806 1258 2848 permaximis
1286 2805 1502 2837 circumdato
1521 2805 1775 2838 inextricabili-

297 2854 362 2886 bus
388 2855 625 2888 subterraneis
653 2853 825 2886 cuniculis
851 2854 1106 2886 inhabitabant.
1208 2854 1243 2895 2)
1271 2854 1339 2893 III,
1370 2854 1572 2886 945-961.
