1902 3200
347 205 648 239 LIUDPRANDI
675 204 1019 237 ANTAPODOSIS.
1072 205 1165 238 LIB.
1195 206 1243 237 11.
1490 207 1534 238 25

240 315 542 358 INCIPIUNT
573 314 865 356 CAPITULA
896 314 1053 355 LIBRI
1083 314 1354 356 SECUNDI.

142 423 176 461 ξ’*

221 421 288 461 De
319 434 367 460 eo
397 418 511 474 quod
540 424 636 473 post
666 425 842 460 mortem
865 416 1028 457 Arnulfi
1050 415 1285 458 Hlodoicus
1316 417 1425 459 filius
1447 419 1534 460 eius

221 489 297 516 rex
327 473 604 515 constituitur.

221 529 433 584 Hungarii
463 527 608 569 audita
637 542 737 569 nece
767 527 932 568 Arnulfi
962 527 1216 581 Bagoariam
1246 534 1406 583 petunt.

221 583 486 625 Hulodoicus
517 582 670 625 bellum
702 583 931 638 Hungariis
962 590 1082 636 parat
1111 583 1228 623 iuxta
1260 583 1535 624 Lemannum.

221 640 433 694 Hungarii
463 639 612 693 positis
642 638 807 679 insidiis
836 638 1065 678 Hulodoici
1095 636 1247 679 milites
1276 639 1462 680 vincunt.

221 695 407 749 Fugiens
446 694 732 745 Hulodoicus3
772 693 984 747 Hungarii
1022 693 1282 733 Francorum
1319 694 1537 735 Saxonum

223 756 264 791 et
295 750 529 792 Suevorum
561 757 714 791 terram
744 749 1039 804 depredantur.

217 805 286 846 De
316 804 540 847 rebellione
566 804 784 846 Adelbcrti
816 805 993 855 comitis,
1025 810 1064 845 et
1096 803 1274 859 qualiter
1304 804 1538 860 decipiente

219 861 404 903 Hattono
435 860 752 915 archiepiscopo
785 861 837 901 sit
867 858 1110 901 decollatus.

218 916 521 971 Exploratores
551 916 731 970 regressi
763 915 877 971 quod
908 914 1128 956 consilium
1160 914 1362 956 dederint.

221 972 362 1023 Quare
384 972 593 1026 Hungarii
624 972 755 1012 territi
786 971 838 1012 ab
860 970 1005 1012 Italiae
1036 972 1227 1025 ingressu
1259 971 1340 1011 sint
1365 973 1535 1013 reversi.

221 1026 411 1078 Qualiter
441 1027 651 1081 Hungarii
681 1033 874 1081 reparato
905 1027 1094 1068 exercitu
1123 1027 1313 1067 venerint
1343 1033 1383 1068 et
1402 1026 1538 1068 Italici

220 1097 279 1123 e1s
310 1090 578 1123 occuli-erint.

110 1138 172 1179 lO.
219 1137 306 1179 Cur
348 1147 430 1178 rex·
468 1137 750 1190 Berengarius
791 1136 844 1177 ad
883 1135 1039 1178 bellum
1085 1150 1169 1177 non
1212 1137 1318 1187 ierit,
1358 1136 1424 1179 vel
1464 1152 1536 1178 cur

217 1192 412 1247 Hungari
441 1191 570 1233 Italos
600 1192 795 1247 fugerint.

108 1250 172 1290 11.
216 1248 444 1302 Fugientes
474 1248 632 1303 pagani
663 1247 900 1289 christianis
929 1262 1077 1302 pacem
1108 1254 1266 1302 petunt.
1299 1262 1424 1304 quam
1454 1264 1539 1291 non

217 1304 457 1359 adquirunt.
1533 1321 1536 1325 ¹

108 1360 170 1400 12.
215 1359 282 1400 De
313 1358 506 1415 proludio
537 1372 717 1413 pugnae,
750 1359 793 1399 in
825 1373 906 1414 quo
938 1359 1157 1400 vincerunt
1187 1358 1396 1414 Hungarii
1424 1368 1535 1416 post-

217 1429 343 1469 quam
379 1415 591 1469 fugerunt.

108 1470 170 1512 13.
215 1470 283 1511 De
314 1484 362 1511 eo
395 1470 508 1526 quod
537 1476 712 1525 propter
742 1469 992 1524 defatigatos
1007 1477 1021 1495 ²¹
1053 1484 1184 1525 equos
1213 1485 1339 1525 super
1359 1470 1535 1512 fluvium

216 1526 417 1567 Brentani
467 1526 624 1580 pagani
674 1525 922 1566 christianos
971 1524 1331 1580 prestolarentur,
1391 1528 1534 1583 eisque

216 1595 367 1637 pacem
399 1587 647 1637 quaererent
659 1581 689 1632 ¹³,
723 1595 849 1636 quam
879 1594 964 1621 non
994 1580 1212 1622 dederunt.

108 1638 171 1677 14.
218 1636 344 1688 Quod
376 1635 597 1677 consilium
618 1636 830 1691 Himgarii
852 1636 904 1677 ob
928 1636 1265 1691 desperationem
1287 1637 1534 1691 invenerint,

217 1700 258 1733 et
289 1692 391 1747 quid
422 1691 617 1732 dixerint.
676 1733 682 1738 ,

108 1748 171 1788 15.
219 1747 444 1800 Quomodo
484 1747 696 1801 Hungarii
736 1747 887 1802 positis
923 1746 1086 1787 insidiis
1125 1761 1251 1803 super
1289 1747 1536 1790 christianos

215 1803 410 1844 irruunte
441 1808 481 1843 et
511 1802 699 1843 vincunt.

106 1859 170 1900 16.
217 1858 344 1910 Quod
373 1857 592 1899 victoriam
634 1871 719 1897 non
748 1870 824 1912 pro
855 1871 1000 1898 eorum
1040 1856 1306 1912 fortitudine,
1348 1859 1421 1901 sed
1460 1874 1536 1916 pro

216 1913 539 1955 christianorum
569 1920 744 1968 peccato
776 1911 1011 1954 habuerint.

106 1969 169 2009 17.
216 1969 342 2022 Quod
373 1983 421 2010 eo
451 1975 642 2025 tempore
664 1968 928 2009 Hulodoicus
958 1983 1033 2010 rex
1054 1968 1316 2010 Francorum
1346 1971 1535 2024 moritur,

216 2032 256 2066 et
288 2024 539 2066 Chunradus
570 2039 647 2080 pro
679 2039 727 2065 eo
760 2022 989 2065 ordinatim

107 2080 169 2124 18.
215 2080 299 2133 Qui
329 2080 404 2121 sub
435 2095 483 2122 eo
522 2080 735 2136 principes
778 2087 906 2133 erant,
943 2080 1052 2121 inter
1089 2094 1193 2135 quos
1231 2087 1271 2122 et
1310 2081 1536 2123 Heinricus

217 2136 435 2178 Saxonum
466 2135 554 2176 dux
585 2141 685 2176 erat.

106 2191 170 2232 19.
216 2192 283 2233 De
315 2206 363 2233 eo
396 2191 509 2247 quod
538 2191 765 2232 Heinricus
795 2198 835 2232 et
866 2192 1019 2232 caeteri
1060 2192 1274 2248 principes
1307 2191 1534 2233 Chunrado

215 2246 510 2289 rebellaverint
548 2247 651 2302 regi,
691 2254 731 2288 et
760 2245 812 2287 ab
845 2247 893 2287 eo
929 2247 1031 2288 victi
1060 2247 1226 2301 fuerint,
1257 2255 1297 2290 et
1328 2249 1426 2304 quja
1456 2249 1533 2288 Ar-

214 2301 365 2344 naldus
396 2303 438 2343 in
468 2302 733 2358 Hungariam
763 2303 960 2357 fugeritd.

103 2357 169 2400 20.
217 2357 498 2401 Chuonradus
529 2373 605 2399 rex
634 2358 818 2399 moriens
848 2358 1062 2413 principes
1094 2373 1238 2399 omnes
1270 2359 1320 2399 de
1346 2372 1464 2415 pace,
1495 2366 1535 2400 et

214 2419 260 2455 ut
298 2413 548 2455 Heim·icum
586 2428 731 2469 regem
769 2414 1039 2466 constituant,
1083 2414 1345 2467 exhortatur,
1388 2415 1455 2455 cui
1494 2421 1534 2456 et

215 2469 375 2524 regalia
406 2476 649 2511 orna-menta
680 2470 936 2510 transmittit.

104 2524 170 2565 21.
218 2525 472 2567 Chuonrado
503 2539 602 2580 rege
634 2531 812 2575 mortuo,
853 2524 1064 2566 Arnaldus
1094 2525 1146 2567 ab
1178 2526 1397 2581 Hungaria
1428 2525 1535 2566 redit

215 2588 342 2636 atque
372 2581 571 2622 Heinrico
602 2581 693 2635 regi
722 2580 879 2622 bellum
910 2589 1042 2636 parat.

132 2646 168 2676 “.
215 2637 443 2678 Heinricus
487 2635 665 2677 Arnaldi
709 2637 897 2676 animum
947 2636 1273 2692 prudentissima
1322 2635 1533 2677 locutione

214 2692 392 2747 mitigat.

135 806 173 847 ετ»
137 531 177 736 war-em

135 971 173 1067 502·ss
138 916 173 958 :⁸l

104 2635 129 2676 Ν.)

133 2636 156 2676 tv

52 2839 79 2873 a)
105 2840 282 2872 defetigatos
307 2843 331 2867 1.
414 2841 444 2875 b)
468 2846 628 2878 quererent
654 2845 680 2869 1.
764 2841 790 2873 e)
815 2842 910 2867 irrunt
935 2844 960 2867 1.
1043 2842 1071 2874 d)
1096 2842 1228 2873 fugerint
1253 2844 1276 2867 1.
