1878 3201
328 191 371 222 96
521 191 822 224 LIUDPRANDI
850 191 1193 225 ANTAPODOSIS.
1245 193 1337 225 LIB.
1364 193 1425 225 IV.
1478 192 1631 226 28—29.

249 312 314 341 939,
327 301 640 357 apologeticum
672 301 806 342 dedit:
844 300 933 353 ‘Illi,
967 301 1070 356 quid
1099 317 1226 357 super
1255 302 1333 343 hac
1370 317 1414 343 re
1444 303 1633 355 sentiam,
1665 304 1803 346 verbis

327 358 417 413 ipse
447 358 587 413 potius
618 356 841 411 explicabo
873 371 999 411 quam
1028 358 1208 398 nuntiis'.
1250 358 1376 409 Quod
1397 359 1469 413 qui
1496 358 1570 399 hos
1593 358 1805 401 direxerat

327 412 515 466 audiens,
546 413 735 453 inmensa
766 419 827 453 est
856 413 985 452 animi
1016 412 1190 454 affectus
1221 411 1370 466 leticia,
1402 428 1587 469 speranS,
1620 429 1663 455 se
1690 415 1804 469 quod

327 475 578 523 poposcerat
621 469 879 522 impetrasse.
946 467 1069 508 Unde
1108 474 1148 508 et
1182 476 1351 509 moraea
1393 469 1622 524 inpaciens,
1661 484 1804 525 regem

327 523 426 576 adit,
457 537 640 578 eumque
677 522 933 563 sentenciam
978 537 1104 577 super
1137 522 1217 563 hac
1256 538 1300 564 re
1336 538 1528 578 promere
1564 525 1804 579 postulavit.

327 578 409 620 Cui
452 594 539 627 reX,
585 576 741 633 populo
785 578 1103 618 circumstante:
1163 577 1412 632 ‘oboedire-²,
1456 581 1604 635 inquit,
1656 582 1803 636 ‘magis

327 640 490 689 oportet
526 633 604 674 deo
645 648 771 688 quam
811 632 1064 673 hominibus.
1143 633 1249 685 Quis
1296 635 1407 675 enim
1448 650 1595 676 sanum
1638 637 1804 691 sapiens

187 691 522 744 'p.325.ignorat*,
553 695 593 730 te
623 688 725 729 haec
756 702 839 728 non
870 689 1082 743 petitionis
1113 688 1345 730 humilitate
1372 690 1445 730 sed
1468 692 1804 732 comminationis

115 744 218 770 Matth.
240 747 265 777 ⁷²
284 745 309 771 ⁶·
325 745 573 786 auctoritate
605 744 789 785 dixisse?
821 744 1035 798 Scriptum
1066 751 1145 785 est:
1176 744 1314 785 Nolite
1345 752 1537 786 sanctum
1563 747 1662 788 dare
1694 748 1805 788 cani-

324 799 418 841 bus.
479 799 604 851 Quod
643 799 836 854 quamvis
864 815 888 840 a
919 799 1162 840 doctoribus
1201 799 1440 855 spiritaliter
1478 801 1807 856 intellegendum

327 870 418 896 esse
448 855 702 910 predicetur,
734 869 812 909 ego
849 862 990 896 tamen
1027 855 1125 896 satis
1163 870 1229 896 me
1267 855 1367 896 dare
1407 862 1598 897 sanctum
1630 857 1805 899 canibus

327 925 490 963 censeo,
522 911 556 951 si
586 910 937 951 monasteriorum
967 910 1126 965 predia,
1159 926 1266 966 quae
1297 926 1321 951 a.
1350 910 1556 965 religiosis
1587 913 1687 953 viris
1725 913 1803 954 deo

326 973 423 1007 sunt
443 966 719 1007 militantibus
739 965 903 1018 tradita,
925 967 1071 1018 tulere,
1094 966 1321 1021 seculoque
1342 966 1617 1008 militantibus
1640 967 1807 1009 dedero.

326 1022 423 1064 Tibi
472 1037 570 1063 vero
619 1030 705 1063 tam
750 1022 983 1077 procaciter
1024 1022 1178 1062 iniusta
1222 1023 1391 1077 petenti,
1443 1022 1521 1063 sub
1566 1024 1805 1065 testimonio

325 1079 451 1119 totius
482 1077 641 1133 populi,
678 1092 755 1118 nec
792 1077 871 1118 hoc
906 1093 983 1118 nec
1020 1077 1135 1118 aliud
1174 1084 1214 1118 te
1254 1093 1455 1132 umquam
1493 1093 1517 1119 a
1554 1093 1622 1120 me
1659 1093 1807 1135 accep-

325 1140 467 1174 turum
499 1148 589 1174 esse
619 1133 831 1174 testificor.
893 1133 937 1175 Si
960 1134 1077 1174 cordi
1098 1134 1174 1174 tibi
1196 1141 1258 1174 est
1279 1134 1426 1174 ceteris
1448 1148 1544 1174 cum
1564 1133 1806 1176 infidelibus

325 1188 505 1241 avolare,
537 1196 692 1243 quanto
724 1189 860 1241 citius,
890 1196 1005 1230 tanto
1027 1189 1201 1230 melius'.
1261 1189 1340 1229 His
1362 1188 1528 1241 auditis,
1562 1190 1661 1244 quia
1680 1189 1806 1232 facies

325 1245 478 1286 mentis
515 1251 577 1285 est
621 1243 840 1299 speculum
891 1244 1067 1297 cordisb,
1118 1245 1415 1286 verecundiam
1464 1244 1604 1286 vultus
1653 1244 1807 1288 rubore

325 1299 514 1351 nudavit,
547 1300 821 1354 concitusque
850 1301 960 1354 regis
996 1300 1049 1340 ad
1086 1300 1216 1355 pedes
1257 1314 1469 1351 corruens,
1510 1315 1553 1341 se
1592 1315 1806 1355 peccasse,

326 1370 370 1396 se
399 1356 583 1410 graviter
613 1354 852 1409 deliquisse,
885 1356 1100 1397 confessus
1131 1363 1204 1396 est.
1274 1355 1493 1409 Perpende
1527 1357 1681 1410 itaque,
1723 1371 1807 1412 qua

327 1411 587 1452 constantiac
626 1410 793 1451 adhlcta
829 1411 895 1452 dei
938 1425 1022 1451 non
1065 1410 1199 1451 solum
1243 1410 1446 1463 visibiles,
1490 1426 1637 1452 verum
1681 1413 1806 1453 etiam

326 1465 557 1507 invisibiles
589 1473 775 1507 conterat
805 1466 963 1519 hostes,
1005 1467 1203 1521 antiquus
1240 1467 1393 1507 etenim
1428 1467 1559 1507 hostis
1596 1481 1680 1507 non
1710 1482 1807 1508 eum

327 1537 370 1564 se
414 1523 611 1562 nocuisse
656 1522 832 1577 putavit,
875 1522 975 1562 dum
1019 1528 1080 1562 tot
1121 1521 1369 1562 fortissimos
1407 1523 1618 1577 principes
1664 1528 1807 1564 contra

326 1577 444 1618 illum
466 1592 637 1632 surgere
658 1579 879 1632 persuasit,
900 1577 1070 1619 fratrem
1093 1578 1230 1631 etiam,
1260 1579 1331 1632 qui
1354 1578 1390 1617 ei
1412 1592 1589 1633 regnum
1611 1578 1806 1632 auferret,

326 1634 554 1688 instigavit,
601 1634 800 1688 quoniam
846 1634 1053 1674 exteriora
1100 1633 1202 1674 haec
1248 1648 1337 1674 esse
1390 1632 1543 1674 damna
1591 1635 1807 1689 eognovit3

326 1688 438 1730 unde
470 1696 509 1730 et
539 1689 747 1744 prefatum
779 1690 974 1730 comitem
1014 1689 1067 1729 ad
1104 1689 1384 1743 expetendam
1421 1696 1661 1730 sanctorum
1691 1689 1806 1732 here-

327 1744 500 1786 ditatem
530 1746 733 1797 incitavit,
766 1746 963 1799 quatinus
994 1760 1042 1785 eo
1074 1760 1149 1785 rex
1179 1744 1367 1786 velocius
1409 1744 1610 1786 offensam
1650 1745 1717 1786 dei
1746 1746 1808 1786 in-

327 1808 525 1852 curreret,
557 1814 640 1855 quo
673 1815 891 1841 servorum
932 1801 998 1841 dei
1035 1800 1244 1855 stipendia
1284 1801 1371 1841 suis
1410 1801 1565 1842 iniuste
1600 1799 1806 1842 militibus

325 1855 519 1897 traderet.
585 1856 740 1896 Verum
773 1857 870 1910 quia
902 1856 1104 1910 nequivit,
1135 1870 1259 1909 nunc,
1292 1863 1497 1911 quantum
1527 1871 1602 1898 rex
1623 1863 1805 1910 sanctus,

327 1911 379 1953 Ob
423 1912 707 1966 temptationis
752 1910 877 1952 huius
923 1911 1201 1952 constantiam
1246 1911 1323 1953 deo
1368 1926 1443 1966 pro
1488 1926 1531 1952 se
1576 1919 1804 1966 pugnante,

326 1968 516 2019 creverit,
547 1968 591 2007 in
621 1966 808 2008 medium
839 1968 1114 2022 proferamus.

238 2035 309 2068 (16.)
437 2023 504 2063 29.
563 2022 706 2063 David
736 2030 903 2063 sanctus
933 2038 986 2063 ex
1007 2037 1186 2077 persona
1207 2022 1365 2063 domini
1388 2023 1507 2063 dicit:
1539 2023 1599 2064 ‘Si
1623 2023 1804 2079 populus

143 2076 190 2100 ΡΞ·
206 2075 310 2107 80714·
325 2092 442 2119 meus
473 2077 659 2119 audisset
689 2093 768 2131 me,
814 2077 971 2120 Israhel
1009 2079 1043 2119 si
1080 2079 1124 2118 in
1159 2079 1238 2119 viis
1275 2079 1378 2119 meis
1415 2077 1683 2132 ambulasset,
1728 2094 1805 2135 pro

325 2133 479 2175 nichilo
510 2133 684 2175 forsitan
713 2134 934 2174 inimicosd
973 2149 1119 2175 eorum
1155 2133 1456 2187 humiliassem,
1493 2141 1532 2176 et
1572 2149 1698 2189 super
1733 2136 1805 2176 tri-

325 2188 516 2231 bulantes
548 2204 618 2231 eos
655 2190 862 2231 misissem
902 2205 1073 2231 manum
1112 2189 1272 2231 means.
1344 2189 1469 2242 Quod
1509 2191 1552 2230 in
1589 2189 1669 2231 hoc
1706 2205 1805 2246 rege

326 2245 543 2286 dominum
574 2245 770 2287 audiente
801 2252 927 2301 atque
964 2247 1007 2286 in
1043 2246 1122 2286 viis
1159 2246 1248 2286 eius
1289 2244 1529 2287 ambulante
1565 2260 1656 2287 esse
1694 2260 1806 2287 com-

324 2299 497 2356 pletum,
529 2316 656 2356 quam
678 2308 950 2357 prompturus
973 2316 1078 2353 sum,
1111 2302 1216 2342 ratio
1239 2300 1481 2343 declarabit.
1533 2301 1804 2342 Heverardus

324 2364 450 2411 atque
490 2356 766 2409 Gislebertus,
811 2356 955 2398 audito
993 2371 1136 2411 regem
1174 2358 1215 2397 in
1253 2356 1413 2398 Alsatia
1456 2371 1558 2409 esse,
1605 2358 1804 2412 quoniam

323 2413 546 2465 neminem,
580 2413 651 2466 qui
683 2413 742 2453 eis
778 2413 1002 2463 resisteret,
1044 2411 1308 2465 verebantur,
1353 2426 1585 2467 permagno
1630 2411 1804 2454 collecto

324 2468 525 2519 exercitu,
555 2468 691 2509 Rheni
712 2467 878 2509 alveum
900 2468 953 2509 ad
974 2468 1251 2510 Andernacha
1274 2474 1579 2522 pertranseunt,
1607 2469 1804 2524 regisque

323 2522 466 2564 fideles
498 2524 830 2579 circumquaque
862 2523 1051 2565 demoliri
1083 2523 1328 2579 procedunt.
1388 2523 1504 2564 Huto
1535 2538 1647 2576 sane,
1680 2524 1804 2565 Heri-

323 2580 464 2620 manni
496 2578 733 2621 Suevorum
764 2579 884 2620 ducis
914 2580 1051 2632 frater,
1082 2593 1245 2620 necnon
1276 2586 1316 2619 et
1343 2578 1623 2620 Chuonradus
1650 2594 1803 2635 cogno-

323 2641 463 2675 mento
495 2634 687 2690 Sapiens,
719 2650 824 2690 quos
855 2636 1048 2690 superius
1078 2636 1167 2690 regi
1193 2635 1379 2675 diximus
1401 2649 1491 2675 esse
1512 2634 1668 2688 fideles,
1699 2636 1802 2691 ipsis

324 2742 353 2773 a)
377 2749 459 2768 more
483 2744 509 2768 1.
609 2743 638 2775 b)
659 2747 723 2775 post
746 2744 855 2769 mentis
878 2747 901 2768 er
922 2747 984 2775 post
1008 2744 1106 2768 cordis
1126 2746 1232 2774 puncta
1256 2743 1393 2767 habemur
1418 2744 1441 2767 1.
1555 2742 1581 2776 c)
1605 2745 1753 2769 costantia
1777 2745 1803 2769 l.

324 2781 352 2813 d)
377 2782 517 2807 inimicus
543 2784 566 2807 l.
