1853 3209
236 206 280 237 32
456 206 757 239 LIUDPRANDI
783 206 1125 239 ANTAPODOSIS.
1177 207 1270 240 LIB.
1298 208 1348 241 ΙΙ.
1400 208 1504 240 7—9.

156 315 408 362 906‚reduxi’.
466 316 575 357 Tum
606 331 649 357 se
679 317 786 357 istuc
817 316 1040 358 advenisse
1071 316 1215 358 dolens
1246 324 1286 359 et
1315 318 1538 359 Hattonisa
1569 317 1712 360 dolum

89 386 170 419 Sept.
193 388 219 414 9.
235 371 351 413 tarde
372 371 628 413 intellexisse
649 372 876 425 suspirans,
908 378 992 411 tam
1014 372 1171 413 invitus
1193 373 1489 428 spiculatorem
1511 374 1711 429 sequitur,

234 442 361 483 quam
390 426 567 468 libenter
595 426 767 478 viveret,
799 427 833 466 si
863 425 1007 467 liceret
1026 434 1050 467 ¹.

164 492 218 525 (4-)
345 484 382 523 7.
427 483 578 523 Paucis
607 482 735 535 igitur
763 481 1018 536 interpositis
1047 483 1179 534 annis,
1211 497 1304 524 cum
1324 483 1462 524 nullus
1485 492 1606 537 esset,
1638 484 1711 539 qui

152 531 217 559 898·
231 539 273 578 in
317 537 507 579 orientali
548 535 774 578 australive
818 535 943 591 plaga
989 536 1219 591 Hungariis
1263 541 1474 581 resisteret
1519 564 1568 568 —
1614 554 1711 580 nam

230 592 527 647 Bulgariorum
548 598 715 646 gentem
741 598 867 646 atque
890 591 1123 632 Grecorum
1144 593 1407 634 tributariam
1427 594 1636 636 fecerant²
1661 619 1709 624 —

230 663 282 689 ne
320 648 421 704 quid
459 649 727 703 inexpertum
766 647 829 687 his
873 653 993 698 esset,
1039 662 1147 701 quae
1191 648 1266 688 sub
1309 650 1540 690 meridiano
1585 656 1710 704 atque

232 703 479 745 occidentali
520 703 720 757 degerent
764 702 929 743 climate
973 702 1112 743 visere
1152 709 1345 757 satagunt
1383 705 1584 746 nationes.
1644 705 1709 745 In-

231 775 374 801 menso
421 760 563 813 itaque
610 757 988 812 innumerabilique
1033 757 1206 799 collecto
1252 761 1458 811 exercitu,
1511 761 1709 801 miseram

229 821 377 869 petunt
405 814 583 855 Italiam.
643 813 836 868 Cumque
867 813 985 852 iuxta
1014 812 1190 854 fluvium
1211 813 1412 854 Brentam
1443 815 1592 856 defixis
1622 821 1709 857 ten-

230 870 407 921 toriolis,
452 869 581 909 immo
637 867 898 919 centonibus,
953 868 1093 909 triduo
1143 868 1480 924 exploratoribus
1525 870 1707 924 directis,

230 932 364 966 terrae
395 925 521 965 situm
550 924 770 979 gentisque
810 923 1121 965 multitudinem
1153 939 1227 965 seu
1252 926 1466 966 raritatem
1497 925 1707 967 conscide-

228 986 368 1022 rarent
380 988 408 1031 ³,
439 979 740 1035 repedantibus
770 980 926 1019 nuntiis
956 979 1196 1020 huiusmodi
1224 995 1428 1035 responsa
1454 981 1706 1036 suscipiunt:

230 1035 442 1076 ‘Planities
472 1035 550 1076 hec
578 1034 788 1075 nonnullis
819 1034 943 1090 plena
973 1034 1214 1087 colonobus,
1246 1050 1341 1088 uno,
1373 1042 1419 1076 ut
1440 1037 1620 1090 cernitis,
1653 1051 1707 1078 ex

228 1090 357 1132 latere
387 1090 600 1132 montibus
632 1090 873 1145 asperrimis
913 1096 1039 1145 atque
1068 1090 1287 1144 fertilibus,
1326 1090 1454 1133 altero
1484 1093 1590 1132 mari
1622 1092 1707 1133 cin-

227 1148 340 1201 gitur
368 1146 605 1199 Adriati003
639 1146 766 1202 opida
794 1160 892 1187 vero
925 1160 1020 1186 cum
1050 1145 1260 1199 nonnulla,
1292 1154 1381 1188 tum
1417 1147 1706 1192 munitissima.

228 1203 284 1243 Et
312 1203 449 1257 gentis
481 1216 738 1257 quamquam
774 1202 988 1255 ignoretur
1024 1200 1274 1242 inbecillitas
1311 1210 1383 1243 aut
1404 1202 1616 1256 fortitudo,
1647 1203 1707 1243 in-

227 1272 373 1299 mensa
402 1264 542 1299 tamen
573 1257 832 1312 conspicitur
860 1257 1096 1298 multitudo.
1154 1257 1303 1312 Neque
1334 1257 1445 1299 enim
1466 1264 1552 1298 tam
1574 1259 1706 1313 copiis

226 1313 375 1368 paucis
405 1312 579 1367 aggredi
618 1312 725 1352 hanc
764 1312 993 1353 hortamur.
1058 1313 1217 1353 Verum
1257 1327 1351 1353 cum
1390 1313 1588 1354 nonnulle
1626 1314 1708 1355 sint

226 1383 305 1420 res,
328 1383 436 1423 quae
456 1383 532 1409 nos
553 1382 741 1423 pugnare
763 1367 1027 1423 compellant,
1057 1368 1291 1423 triumphus
1323 1368 1481 1410 scilicet
1502 1375 1706 1423 assuetus,

226 1424 355 1464 animi
393 1423 607 1475 fortitudo,
646 1423 864 1478 pugnandi
903 1424 1089 1475 scientia,
1130 1438 1231 1478 opes
1266 1424 1486 1478 presertim
1529 1439 1707 1479 quarum

226 1479 434 1520 desiderio
465 1478 703 1533 fatigamur,
746 1493 853 1534 quae
890 1478 959 1519 hic
994 1485 1055 1519 tot
1084 1479 1236 1531 insunt,
1280 1485 1381 1534 quot
1410 1486 1494 1520 toto
1533 1481 1576 1520 in
1607 1480 1707 1522 orbe

224 1549 304 1575 nec
323 1534 506 1575 Vidimus
527 1548 604 1575 nec
629 1534 774 1575 videre
802 1534 1084 1588 speravimus,
1114 1533 1235 1574 nobis
1264 1540 1405 1575 tamen
1435 1534 1633 1576 consultis
1656 1561 1706 1566 —

226 1605 363 1645 nequc
395 1591 506 1631 enim
537 1589 710 1644 longum
731 1589 966 1630 arduumve
986 1589 1203 1630 remeandi
1223 1590 1302 1630 iter
1321 1596 1394 1642 est,
1427 1590 1540 1646 quod
1560 1590 1707 1632 decem

226 1653 364 1701 potest
404 1652 444 1686 et
488 1660 536 1686 eo
580 1646 720 1685 minus
763 1644 910 1686 diebus
953 1645 1099 1700 perfici
1141 1670 1185 1675 —
1229 1652 1501 1698 revertemur,
1531 1651 1707 1687 venturo

228 1702 424 1757 quatinus
463 1715 563 1742 vere
608 1699 801 1741 omnibus
847 1705 984 1755 gentis
1026 1706 1195 1742 nostrae
1241 1700 1427 1742 coHectis
1471 1701 1706 1743 fortissimis

224 1757 458 1809 redeamus,
491 1757 625 1811 sitque
656 1756 719 1796 his
751 1770 846 1796 cum
877 1757 920 1796 in
940 1756 1183 1797 fortitudine
1214 1762 1303 1796 tum
1333 1764 1474 1798 noster
1503 1757 1546 1797 in
1569 1756 1706 1798 multi-

225 1813 368 1854 tudine
394 1811 549 1854 terror'.

337 1868 406 1909 8³>
451 1868 542 1909 Nec
582 1881 713 1919 mora,
750 1865 814 1907 his
855 1867 1007 1907 auditis
1045 1867 1098 1907 ad
1128 1868 1301 1922 propria
1337 1874 1615 1920 revertuntur,
1646 1875 1705 1909 to-

225 1930 395 1979 tamque
425 1923 574 1964 hiemis
605 1923 873 1978 asperitatem
904 1923 947 1962 in
976 1922 1231 1963 fabricandis
1261 1924 1403 1973 armis,
1434 1924 1477 1963 in
1501 1923 1703 1965 acuendis

225 1979 411 2034 spiculis,
443 1979 486 2019 in
517 1978 716 2019 docendis
747 1977 970 2019 iuvenibus
1001 1977 1099 2019 belli
1128 1978 1340 2031 noticiam,
1373 1978 1544 2022 ducunt.

148 2042 212 2069 899-
338 2035 376 2075 9.
424 2034 495 2075 Sol
525 2034 708 2075 necdum
746 2033 902 2088 pisoisc
943 2034 1111 2087 signum
1152 2033 1362 2085 deserens,
1403 2034 1543 2075 arietis
1583 2048 1706 2076 occu-

225 2091 365 2145 pabat,
411 2104 508 2131 cum
555 2090 745 2130 inmenso
790 2096 914 2144 atque
959 2088 1254 2130 innumerabili
1299 2088 1472 2131 collecto
1518 2091 1706 2132 exercitu

223 2145 389 2186 Italiam
433 2151 619 2201 petunt4,
665 2143 948 2200 Aquilegiam,
992 2145 1218 2197 Veronam,
1271 2145 1570 2186 munitissimas
1614 2160 1706 2201 per-

224 2207 440 2242 transeunt
470 2201 675 2253 civitates,
709 2207 749 2241 et
779 2200 992 2253 Ticinum,
1032 2215 1139 2255 quae
1178 2215 1291 2242 nunc
1329 2199 1408 2241 alio
1447 2200 1707 2242 exellentiori

222 2257 356 2311 Papia
396 2262 564 2298 notatur
601 2255 821 2308 vocabulo,
864 2255 987 2296 nullis
1026 2256 1317 2297 resistentibus
1356 2257 1543 2297 veniunt.
1611 2257 1705 2298 Rex

222 2313 351 2366 igitur
380 2312 660 2367 Berengarius
682 2318 767 2352 tam
788 2311 1024 2366 preclarum
1045 2326 1287 2367 novumque
1317 2311 1480 2352 facinus
1512 2337 1562 2342 —
1593 2318 1705 2354 ante-

223 2438 251 2470 a)
276 2439 396 2463 hatonis
420 2440 444 2464 1.
526 2438 554 2469 b)
580 2439 629 2463 hoc
650 2441 734 2469 caput
753 2445 811 2462 von
834 2438 1019 2468 distinguitur
1044 2439 1069 2464 1.
1151 2437 1177 2468 (-)
1203 2438 1311 2468 pisse-is
1336 2439 1359 2461 1.

227 2543 262 2587 1)
291 2544 429 2577 Similia
457 2543 499 2576 de
524 2543 708 2576 Adalberti
735 2542 909 2586 supplicio
935 2544 1079 2574 tradunt
1105 2553 1147 2574 ex
1173 2554 1309 2575 rumore
1337 2543 1497 2586 populari
1516 2544 1705 2576 widukin-

224 2593 287 2625 dus
324 2593 410 2635 (Res
446 2596 567 2634 gestae
595 2592 724 2624 saxon.
752 2593 779 2631 I,
809 2603 837 2623 c.
867 2590 940 2634 22),
968 2591 1190 2624 Thietmarus
1223 2591 1366 2632 (Chron.
1395 2593 1422 2632 I⁷
1449 2603 1480 2624 c.
1508 2589 1557 2633 4),
1583 2592 1705 2624 Ekke-

223 2641 352 2673 hardus
368 2642 417 2673 IV
433 2641 561 2683 (Casus
578 2641 612 2673 S.
630 2640 736 2680 Galli,
753 2641 817 2673 SS.
832 2640 966 2680 11‚83),
987 2641 1069 2673 Otto
1088 2641 1325 2682 Frisingensis
1346 2639 1492 2682 (Chron.
1507 2641 1568 2680 VI,
1585 2651 1614 2672 c.
1636 2640 1706 2682 15).

225 2688 261 2731 2)
287 2691 440 2721 Primam
467 2691 502 2721 in
530 2690 714 2732 imperium
743 2689 956 2721 Graecorum
992 2689 1219 2731 irruptionem
1247 2689 1420 2731 Hungarii
1447 2699 1538 2721 anno
1566 2688 1705 2721 demum

224 2738 293 2769 934
320 2738 491 2770 fecerunt.
581 2736 620 2779 3)
648 2739 671 2771 i.
699 2748 727 2769 e.
757 2737 1033 2769 considerarent.
1127 2737 1165 2779 4)
1191 2738 1268 2768 Non
1294 2738 1430 2777 Martio,
1458 2737 1520 2769 sed
1547 2737 1705 2779 Augusto

223 2797 353 2827 mense,
392 2788 421 2818 si
458 2787 624 2819 chronico
660 2785 906 2818 Nonantulano
941 2785 1028 2818 fides
1063 2785 1227 2817 habenda
1263 2789 1324 2825 est,
1360 2786 1535 2828 Hungarii
1563 2785 1705 2818 Italiam

221 2835 434 2867 invaserunt.
