1902 3200
237 166 534 200 LIUDPRANDI
559 164 904 198 ANTAPODOSIS.
958 165 1050 196 LIB.
1079 166 1140 196 Vl.
1186 165 1292 198 5—8.
1440 166 1504 197 121

33 291 228 317 mensura
267 291 307 317 a·
330 282 438 317 terra
477 274 687 315 elevatum
727 274 870 314 sedere
909 273 1011 325 vidi,
1051 288 1153 313 mox
1192 275 1283 315 aliis
1313 275 1505 318 indutum
1521 286 1584 312 949-

31 331 218 373 vestibus
247 346 402 387 poenes
433 329 582 370 domus
611 328 782 384 laquear
818 329 964 369 sedere
1003 330 1223 383 prospexi;
1263 330 1376 385 quod
1407 347 1504 386 qua-

31 385 124 429 liter
160 387 289 439 fieret,
329 386 513 439 cogitare
548 399 632 425 non
671 384 802 440 potui,
842 385 922 424 nisi
957 383 1061 424 forte
1101 398 1148 425 eo
1189 385 1241 425 sit
1279 384 1506 427 subvectus

31 442 191 497 argalio
209 451 234 493 ¹,
296 455 348 481 uo
371 439 640 481 torcularium
662 439 833 480 arbores
855 439 1155 480 subvehuntur.
1200 440 1282 481 Per
1302 455 1345 481 se
1366 449 1506 482 autem
1547 475 1556 478 -

30 505 130 539 tunc
159 495 262 537 nihil
306 503 465 548 ocutus,
497 496 706 551 quoniam,
737 501 778 536 et
807 495 841 536 si
860 494 998 546 vellet,
1030 495 1300 550 intercapedo
1323 497 1508 537 maxima

31 553 277 594 indeieorum
306 551 474 603 faceret,
520 551 571 592 de
600 552 686 592 vita
715 550 961 605 Berengarii
992 557 1032 591 et
1061 551 1260 605 sospitate
1289 565 1364 605 per
1393 551 1507 607 logo-

29 609 186 650 thetam
217 613 279 648 est
308 614 590 662 percontatus.
640 606 719 648 Cui
741 620 837 646 cum
859 613 1162 660 consequenter
1182 606 1506 660 respondissem,

28 664 252 719 interprete
282 678 375 703 sum
405 663 604 704 innuente
634 676 838 716 egressus,
870 667 911 703 et
929 661 972 701 in
993 661 1136 702 datum
1157 661 1258 702 mihi
1279 661 1505 718 hospitium

28 732 129 759 mox
157 726 364 773 receptus.

140 774 178 818 6.
224 773 309 815 Sed
348 789 425 815 nec
463 773 543 815 hoc
580 773 723 829 pigeat
760 786 1006 825 memorare,
1045 772 1148 827 quid
1187 780 1287 814 tunc
1322 787 1397 828 pro
1428 774 1577 822 Be-(z.)

28 829 222 884 rengario
254 831 422 885 egerim,
454 829 613 870 scilieet
644 835 689 868 ut
718 835 984 883 agnoscatur,
1016 836 1171 883 quanta
1201 828 1312 869 hune
1334 830 1507 871 caritate

29 883 261 937 dilexerim,
299 893 339 927 et
377 884 613 926 cuiusmodi
653 884 705 925 ab
744 899 792 925 eo
832 884 1249 938 reconpensationem
1286 900 1362 940 pro
1402 886 1507 927 bene

59 941 158 981 estis
198 942 446 996 acceperim.
514 940 802 995 Hispanorum
841 940 975 980 nuntii
1015 945 1055 980 et
1092 940 1330 981 nominatus
1366 941 1508 982 Liute-

27 955 182 1048 galus,
213 997 371 1036 domini
401 997 532 1036 nostri
562 1003 661 1037 tunc
692 996 802 1049 regis
835 995 1002 1036 Ottonis
1037 995 1220 1048 nuntius,
1262 1011 1416 1051 magna
1454 1012 1508 1038 ex

29 1065 174 1092 eorum
205 1052 384 1105 dominis
414 1058 545 1106 parte,
576 1066 751 1092 munera
779 1050 1022 1105 imperatori
1045 1050 1319 1092 Constantino
1351 1052 1508 1093 detule-
1560 1055 1562 1057 ’

26 1114 132 1148 rant.
192 1106 286 1161 Ego
316 1121 414 1148 vero
446 1107 690 1161 Berengarii
731 1121 785 1147 ex
820 1112 938 1160 parte
974 1105 1077 1146 nihil
1105 1113 1246 1160 preter
1275 1107 1507 1162 epistolam,

27 1169 69 1203 et
97 1161 204 1202 hanc
234 1162 445 1202 mendatio
476 1162 658 1217 plenam,
690 1160 932 1202 detuleram.
1001 1161 1210 1203 Estuabat
1246 1170 1388 1218 ltaque
1425 1178 1506 1204 non

27 1231 177 1273 parum
218 1217 297 1258 hac
335 1232 409 1272 pro
450 1217 705 1258 verecundia
743 1217 921 1267 animus,
958 1223 999 1258 et
1039 1217 1141 1272 quid
1182 1232 1308 1273 super
1344 1218 1422 1259 hac
1463 1234 1507 1260 re

26 1273 195 1325 faceret,
227 1273 440 1328 cogitabat
469 1273 679 1314 attentius.
738 1272 934 1313 Estuanti
964 1279 1104 1314 autem
1135 1280 1176 1314 et
1205 1273 1306 1314 mihi
1329 1274 1506 1316 nimium

26 1328 247 1371 fluctuanti
286 1344 404 1370 mens
442 1329 671 1383 suggessit,
714 1328 909 1383 quatinus
951 1327 1077 1380 dona,
1119 1343 1226 1385 quae
1265 1331 1507 1385 imperatori

25 1399 122 1426 mea
151 1400 204 1426 ex
234 1391 352 1440 parte
383 1384 625 1436 detuleram,
655 1384 901 1438 Berengarii
925 1398 978 1424 ex
998 1390 1116 1439 parte
1138 1386 1383 1439 conferrem,
1414 1401 1507 1441 par-

26 1455 210 1496 vumque
241 1455 393 1482 munus
422 1448 547 1495 prout
567 1455 734 1496 possem
755 1440 896 1481 verbis
919 1454 1110 1481 ornarem
1128 1448 1155 1480 ².
1198 1440 1345 1496 Optuli
1366 1449 1506 1484 autem

24 1495 174 1536 loricas
207 1497 384 1551 optimas
415 1497 555 1548 VIHI,
586 1504 704 1537 scuta
735 1496 893 1550 optima
914 1510 1010 1536 cum
1032 1495 1155 1537 bullis
1176 1497 1388 1540 deauratis
1409 1498 1504 1551 VH,

26 1564 185 1607 coppas
224 1558 442 1605 argenteas
473 1552 696 1593 deauratas
726 1552 780 1603 ΙΙ,
820 1566 951 1603 enses,
991 1550 1170 1605 lanceas,
1211 1568 1353 1606 verua,
1391 1568 1506 1594 man-

26 1608 139 1663 cipia
167 1607 295 1648 IlII⁰r
333 1608 598 1660 carzimasia,
638 1607 881 1662 imperatori
918 1608 1142 1648 nominatis
1183 1609 1376 1651 omnibus
1414 1625 1531 1665 pre-¹

26 1663 216 1704 ciosiora.
259 1663 561 1705 Carzimasium
584 1669 723 1704 autem
743 1663 869 1704 Greci
890 1670 1045 1704 vocant
1065 1665 1292 1719 amputatis
1314 1664 1504 1707 virilibus

25 1724 66 1760 et
94 1719 214 1773 virga
244 1734 421 1774 puerum
459 1719 716 1771 eunuchum3
755 1717 868 1774 quod
898 1718 1220 1761 Verdunenses3
1252 1727 1503 1763 mercatores
1529 1771 1531 1776 A

24 1774 77 1816 ob
107 1775 344 1815 inmensum
374 1774 537 1815 lucrum
567 1774 719 1826 facere,
751 1780 791 1816 et
820 1775 860 1814 in
892 1774 1144 1829 Hispaniam
1175 1776 1329 1819 ducere
1358 1777 1504 1818 solent.

135 1831 172 1871 7.
203 1830 282 1870 His
311 1831 369 1871 ita
389 1831 529 1885 gestis,
560 1830 790 1885 imperator
810 1844 877 1870 me
897 1837 993 1884 post
1012 1830 1200 1872 triduum
1221 1831 1276 1872 ad
1301 1831 1504 1887 palatium

21 1899 173 1926 vocare
212 1887 414 1941 precepit,
454 1887 712 1942 proprioque
751 1899 918 1926 mecum
961 1900 1031 1926 ore
1069 1885 1248 1940 locutus,
1280 1888 1334 1929 ad
1365 1889 1503 1930 convi-

22 1941 140 1981 vium
169 1942 375 1995 invitavit,
407 1956 646 1998 magnoque
676 1948 773 1997 post
801 1941 1043 1982 convivium
1072 1957 1139 1983 me
1169 1958 1370 2000 meosque
1394 1959 1505 1987 asse-

24 1995 140 2038 culas
170 2012 343 2039 munere
374 1996 557 2039 donavit.
615 1997 776 2038 Verum
808 1998 908 2052 quia
943 1998 1143 2039 narrandi
1173 2014 1217 2041 se
1248 2001 1414 2042 occasio
1445 2001 1505 2041 in-

20 2051 128 2106 tulit,
160 2052 294 2108 qualis
325 2054 413 2095 eius
443 2054 496 2094 sit
524 2067 681 2105 mensa,
711 2053 826 2094 festis
858 2054 1060 2109 precipue
1082 2054 1242 2109 diebus,
1275 2055 1503 2112 qualesque

21 2107 76 2148 ad
105 2123 292 2150 mensam
332 2108 418 2149 ludi
459 2108 735 2163 celebrentur,
774 2109 933 2151 bonum
973 2124 1056 2150 non
1097 2110 1246 2166 opinor
1276 2111 1397 2153 silere
1430 2112 1503 2154 sed
1558 2154 1562 2157 ,

20 2163 216 2206 scribere.

133 2220 170 2261 8.
229 2220 307 2261 Est
342 2219 491 2261 domus
528 2221 647 2261 iuxta
685 2220 1020 2276 yppodromum,
1063 2220 1303 2276 aquilonem
1341 2238 1501 2276 versus,

19 2275 149 2316 mirae
179 2274 406 2317 altitudinis
438 2291 511 2317 seu
541 2275 878 2332 pulclnitudinis,
911 2290 1019 2332 quae
1049 2277 1408 2321 decanneacubita
1431 2294 1502 2320 vo-

20 2338 150 2384 catur,
191 2331 305 2387 quod
341 2346 494 2373 nomen
536 2346 620 2373 non
655 2332 707 2373 ab
748 2347 792 2373 re
831 2332 903 2374 sed
939 2347 992 2373 ex
1031 2334 1333 2388 apparentibus
1364 2336 1500 2376 causis

19 2387 164 2428 sortita
194 2394 307 2439 est43
346 2387 449 2429 deca
489 2388 600 2430 enim
639 2403 777 2443 grece,
816 2387 942 2429 latine
973 2388 1028 2441 X,
1070 2403 1202 2430 ennea
1240 2390 1318 2443 IX,
1361 2390 1501 2432 cubita

19 2449 158 2484 autem
189 2457 214 2483 a·
245 2443 437 2485 cubando
468 2443 667 2484 inclinata
686 2443 752 2485 vel
774 2450 947 2485 curvata
967 2459 1192 2499 possumus
1213 2445 1364 2488 dicere.
1406 2447 1500 2487 Hoc
1514 2459 1708 2488 949 De025.

20 2505 160 2540 autem
189 2498 300 2551 ideo,
339 2500 537 2555 quoniam
576 2500 744 2555 quidem
776 2500 819 2540 X
849 2506 889 2541 et
918 2500 984 2541 IX
1014 2515 1183 2542 mensae
1223 2502 1267 2542 in
1306 2516 1354 2543 ea
1393 2517 1498 2557 quae

21 2554 251 2595 seeundum
283 2569 452 2597 carnem
490 2561 553 2596 est
590 2555 749 2596 domini
787 2556 918 2597 nostri
957 2556 1054 2597 Iesu
1086 2556 1243 2598 Christi
1280 2559 1498 2600 nativitate

24 2660 59 2705 1)
96 2658 134 2694 τὸ
163 2660 339 2708 ἐργαλεῖον
371 2665 652 2697 instrumentum.
753 2665 789 2705 2)
827 2664 880 2697 Cf.
917 2665 994 2697 Ter.
1031 2665 1121 2698 Eun.
1149 2666 1197 2705 II,
1232 2666 1262 2706 1,
1290 2665 1330 2696 8:
1371 2666 1496 2698 Munus

19 2715 176 2743 nostrum
203 2716 322 2744 ornato
349 2713 479 2753 verbis,
507 2713 599 2755 quod
625 2713 768 2755 poteris.
853 2712 891 2747 3]
919 2714 942 2745 i.
972 2724 1001 2745 e.
1030 2713 1277 2746 virdunenses.
1330 2715 1384 2746 De
1412 2725 1496 2756 quo-

20 2771 94 2792 rum
123 2763 332 2794 commercio
353 2762 396 2794 cf.
414 2762 607 2802 Diimmler,
628 2762 710 2794 Otto
731 2761 793 2793 dcr
812 2762 939 2794 Grosse
958 2773 992 2804 p.
1014 2762 1095 2794 279.
1175 2761 1212 2803 4]
1228 2763 1306 2794 Hoc
1326 2762 1496 2805 palatium

19 2810 89 2841 iam
105 2808 334 2842 deformatum
347 2810 596 2844 Constantinus
612 2811 687 2853 ipse
701 2811 923 2851 instauravit,
934 2822 966 2843 v.
978 2810 1181 2854 Theophan.
1193 2812 1321 2844 contin.
1334 2811 1383 2843 VI
1396 2822 1424 2844 c.
1437 2812 1494 2845 20.
