1853 3209
174 313 238 339 905.

180 873 237 897 Iul.

166 922 238 956 (11.)

100 1928 148 1962 ⁸p.
173 1929 238 1956 296.

46 2207 119 2234 Luc.
144 2208 169 2240 6,
193 2207 238 2234 36.

255 193 298 223 42
448 193 748 225 LIUDPRANDI
776 193 1119 227 ANTAPODOSIS.
1170 195 1263 227 LIB.
1292 196 1340 227 ΙΙ.
1393 194 1548 227 39—41.

254 310 399 358 totque
428 304 651 358 inpensasa
683 305 954 359 prospicffiet,
986 305 1168 347 invidiae
1198 305 1286 347 zelo
1317 313 1466 356 tactus,
1508 306 1592 346 suis
1623 305 1733 346 clan-

253 358 422 413 guluml
454 359 565 400 infit:
616 359 710 399 ‘Hic
742 374 819 400 rex
849 361 986 413 potius
1027 374 1151 415 quam
1180 361 1364 402 marchio
1395 367 1561 417 poterat
1590 360 1732 416 appel-

253 415 348 466 lari:v
378 413 492 455 nullo
516 414 701 469 quippeb
724 414 827 454 mihi
856 414 1039 467 inferior,
1070 416 1150 456 nisi
1170 418 1339 458 nomine
1361 415 1624 458 solummodo
1647 417 1732 457 est'.

255 470 349 521 Que
380 484 446 510 res
467 468 743 510 Adelbertum
772 469 900 510 latere
930 484 1014 510 non
1043 471 1191 525 potuit.
1252 472 1378 523 Quod
1398 473 1537 525 Berta,
1569 478 1615 513 ut
1645 479 1734 514 erat

254 524 404 565 mulier
442 538 525 565 non
564 524 778 576 incallida,
815 525 1007 577 audiens,
1047 540 1132 566 non
1172 526 1306 567 solum
1342 528 1479 568 virum
1517 542 1638 567 suum
1679 526 1732 568 ab

254 581 343 621 cius
382 579 582 621 fidelitate
618 580 837 633 ammovit,
878 595 1025 621 verum
1063 581 1188 621 etiam
1230 590 1415 624 caeteros
1446 582 1590 624 Italiae
1620 583 1733 638 prin-

254 636 369 690 cipes
401 637 439 676 ei
469 635 658 677 infideles
689 636 840 677 effecit.
898 636 1022 677 Unde
1052 636 1209 677 factum
1250 645 1323 690 est,
1364 646 1411 680 ut
1447 638 1547 678 dum
1578 638 1735 679 Tuscia

252 691 418 732 rediens
448 692 659 732 Veronam
687 698 894 747 pergeret,
926 691 1180 747 degeretque
1212 693 1359 733 eodem
1388 693 1515 734 nichil
1550 693 1734 735 hesitans

253 746 465 802 nichilque
505 746 603 786 mali
640 747 880 802 suspicans,
921 747 1201 802 Berengarius
1242 747 1338 789 dato
1376 750 1510 803 pretio
1542 748 1735 790 custodes

255 803 437 843 civitatis
459 803 706 857 corruperit,
737 802 1006 857 collectisque
1027 803 1129 843 viris
1150 802 1401 856 fortissimis,
1423 805 1467 844 in
1485 805 1578 859 ipso
1599 805 1734 846 noctis

255 858 481 898 conticinio
512 858 725 898 civitatem
755 858 969 913 ingressus
999 858 1137 899 fuerit.

365 914 431 954 40.
477 912 654 954 Fluvius
684 912 866 965 Athesis,
899 915 1006 954 sicut
1026 914 1190 956 Tiberis
1210 914 1402 967 Romam,
1434 915 1615 956 mediam
1636 916 1735 956 civi-

255 976 382 1009 tatem
413 969 625 1009 Veronam
666 970 885 1024 percurrit.
947 969 1085 1024 Super
1125 985 1250 1025 quem
1286 971 1436 1026 ingens
1474 984 1734 1012 marmoreus

254 1025 349 1064 miri
388 1025 525 1079 operis
563 1026 778 1080 miraeque
816 1026 1119 1080 magnitudinis
1160 1041 1265 1081 pons
1296 1034 1358 1067 est
1395 1026 1636 1068 fabricatus.
1696 1025 1736 1067 A

253 1079 347 1121 leva
366 1088 508 1121 autem
539 1089 657 1135 parte
687 1081 885 1133 fluminis,
919 1096 1026 1136 quae
1059 1088 1123 1123 est
1143 1081 1382 1137 aquilonem
1411 1097 1554 1123 versus
1584 1083 1734 1136 posita,

255 1136 402 1176 civitas
434 1143 496 1177 est
525 1136 686 1177 difficili
706 1137 922 1192 arduoque
954 1137 1057 1178 colle
1079 1139 1251 1185 munita,
1283 1137 1387 1179 adeo
1418 1146 1465 1179 ut
1495 1139 1529 1178 si
1560 1152 1608 1179 ea
1638 1151 1735 1192 pars

255 1192 449 1243 civitatis,
474 1207 600 1247 quam
622 1200 877 1233 memoratus
894 1191 1047 1234 fluvius
1078 1193 1296 1234 dexteram
1318 1193 1449 1245 alluit,
1471 1193 1523 1234 ab
1544 1193 1735 1235 hostibus

255 1247 470 1301 capiatur,
510 1262 559 1289 ea
587 1256 728 1289 tamen
766 1247 939 1289 viriliter
976 1250 1108 1304 possit
1145 1248 1325 1290 defendi.
1383 1250 1433 1289 In
1472 1248 1595 1289 huius
1635 1263 1735 1290 vero

255 1301 371 1343 collis
402 1304 641 1345 summitate
672 1304 853 1359 preciosi
884 1305 1020 1359 operis
1052 1312 1114 1346 est
1135 1304 1315 1346 aeclesia
1344 1304 1560 1357 fabricata,
1593 1305 1635 1344 in
1665 1303 1736 1345 ho-

254 1373 355 1399 nore
391 1359 622 1400 beatissimi
660 1360 775 1401 Petri
810 1360 1097 1414 apostolorum
1136 1361 1339 1415 principis
1375 1368 1630 1411 consecrata,
1663 1361 1736 1402 ubi

256 1421 296 1455 et
325 1422 498 1469 propter
539 1415 742 1456 aeclesiae
772 1416 1066 1456 amoenitatem
1104 1415 1268 1471 locique
1298 1417 1574 1457 munitionem
1605 1415 1737 1457 Hulo-

257 1468 405 1510 doicus
437 1471 648 1511 manebat.

366 1525 433 1568 41.
478 1526 760 1581 Berengarius
792 1526 986 1581 denique,
1018 1534 1063 1567 ut
1092 1526 1242 1581 prefati
1281 1541 1442 1579 sumus,
1481 1535 1609 1568 noctu
1639 1528 1738 1568 civi-

255 1588 383 1621 tatem
414 1581 641 1636 ingressus,
674 1581 780 1622 clam
811 1582 1049 1623 Hulodoico
1081 1583 1166 1623 suis
1197 1596 1293 1622 cum
1325 1581 1527 1623 militibus
1566 1591 1738 1638 pontem

256 1638 554 1691 pertransiens,
584 1638 627 1677 in
656 1638 747 1692 ipso
779 1652 928 1679 aurore
960 1637 1207 1692 crepusculo
1246 1638 1359 1679 hunc
1389 1653 1522 1693 usque
1552 1639 1736 1681 advenit.

257 1691 341 1744 Qui
361 1692 543 1734 clamore
565 1694 827 1748 strepituque
858 1693 1037 1734 militum
1069 1695 1263 1747 exitatus,
1295 1695 1614 1750 sciscitatusque
1637 1694 1739 1749 quid

256 1755 376 1800 esset,
408 1749 451 1788 in
481 1748 731 1789 aecclesiam
761 1749 896 1804 fugiit,
927 1749 1151 1804 nullusque
1182 1764 1291 1801 eum,
1323 1757 1463 1805 preter
1492 1750 1737 1805 Berengarii

256 1803 434 1844 militum
466 1819 609 1857 unum,
643 1804 715 1846 ubi
746 1813 854 1846 esset
890 1806 1076 1859 agnovit.
1137 1806 1220 1856 Qui
1259 1805 1546 1846 misericordia
1586 1814 1737 1857 11101115,

254 1859 388 1899 noluit
417 1859 528 1900 hunc
559 1860 737 1916 prodere
769 1860 841 1902 sed
873 1861 1020 1901 celare.
1083 1861 1253 1901 Timens
1283 1875 1383 1902 vero
1415 1860 1561 1913 isdem,
1600 1877 1652 1902 ne
1682 1861 1736 1903 ab

253 1915 344 1955 aliis
376 1917 596 1971 *repertus
636 1916 887 1972 proderetur
921 1917 1092 1971 vitaque
1130 1916 1390 1969 multaretur,
1430 1917 1737 1972 Berengarium

254 1970 352 2021 adit,
385 1986 567 2026 eumque
598 1972 656 2012 ita
686 1973 898 2013 convenit:
960 1973 1185 2023 ‘Quoniam
1228 1972 1396 2027 quidem
1426 1973 1531 2013 tanti
1560 1980 1600 2014 te
1632 1972 1736 2014 deus

254 2025 413 2079 habuit,
452 2034 499 2068 ut
528 2034 647 2068 tuum
685 2028 878 2083 proprias
915 2029 958 2068 in
988 2043 1137 2068 manus
1175 2028 1357 2069 traderet
1393 2027 1568 2081 hostem,
1610 2028 1738 2070 debes

254 2089 294 2123 et
315 2089 361 2123 tu
382 2083 469 2124 eius
491 2084 662 2135 monita,
694 2084 822 2124 immo
845 2091 1058 2139 precepta,
1089 2083 1385 2139 magnifacere.
1437 2084 1580 2139 Inquit
1607 2085 1737 2125 enim:

253 2137 400 2179 Estote
440 2138 755 2190 misericordes,
807 2140 914 2180 sicut
954 2148 993 2181 et
1036 2147 1156 2194 pater
1199 2148 1337 2180 vester
1379 2140 1617 2181 misericors
1663 2147 1736 2182 est.

253 2193 392 2234 Nolite
422 2194 623 2246 iudicare,
655 2201 695 2235 et
725 2209 808 2235 non
837 2194 1146 2238 iudicabimini:
1185 2195 1311 2236 nolite
1342 2195 1666 2251 condempnare,
1698 2203 1739 2238 et-

254 2264 338 2290 non
369 2250 809 2305 condempnabimini'.
857 2251 1070 2292 Intellexit
1099 2251 1241 2306 itaque
1276 2252 1569 2306 Berengarius,
1600 2259 1646 2292 ut
1674 2253 1739 2293 vir

254 2320 339 2345 non
368 2305 600 2357 incallidus,
629 2305 752 2358 hunc,
791 2320 874 2362 quo
914 2308 1005 2362 ipse
1041 2307 1199 2359 lateret,
1239 2307 1373 2347 scium
1403 2322 1512 2359 esse,
1554 2322 1737 2362 eumque

255 2360 499 2415 sophystica
536 2361 616 2401 hac
645 2363 918 2417 responsione
957 2363 1142 2417 decepit:
1203 2363 1400 2403 ‘Putasne
1439 2378 1527 2415 me,
1565 2363 1735 2415 insulse,

256 2431 381 2471 quem
403 2417 597 2458 dominus
619 2417 791 2458 tradidit
810 2417 1036 2469 hominem,
1059 2419 1186 2458 immo
1209 2432 1365 2471 regem,
1386 2417 1492 2459 velle
1514 2418 1736 2460 occidere?

255 2472 473 2527 Numquid
511 2480 550 2513 et
588 2473 734 2513 David
771 2480 941 2514 sanctus
977 2488 1120 2528 regem
1154 2473 1352 2514 Sahulem
1392 2488 1416 2513 a
1458 2473 1536 2516 deo
1577 2474 1655 2516 sibi
1693 2475 1736 2516 in

254 2541 404 2568 manus
436 2527 581 2569 datum
611 2543 696 2569 non
728 2529 917 2570 occidere
948 2530 1096 2584 potuit,
1130 2530 1230 2570 sedc
1261 2528 1435 2569 noluit?
1481 2529 1559 2570 His
1582 2544 1735 2571 sermo-

254 2582 379 2623 nibus
409 2583 528 2624 miles
559 2583 801 2636 inclinatus,
841 2584 979 2625 locum
1012 2585 1204 2637 ostendit,
1243 2585 1296 2626 ad
1335 2599 1459 2640 quem
1490 2585 1737 2641 confugerat

255 2638 528 2680 Hulodoicus.
590 2640 674 2691 Qui
704 2646 850 2695 captus
882 2648 922 2681 et
951 2650 1046 2682 ante
1077 2641 1321 2695 Bcrengarii
1350 2641 1604 2696 presentiam
1636 2641 1735 2682 duc-

256 2733 284 2765 a)
309 2734 451 2765 impensos
476 2737 498 2759 1.
580 2736 609 2767 b)
634 2737 724 2768 quipe
750 2738 774 2761 1.
856 2737 882 2769 ‹·)
906 2740 950 2762 set
972 2745 1046 2764 corr.
1070 2738 1121 2762 sed
1147 2739 1170 2762 1.
1193 2738 1315 2768 saepius.

259 2823 290 2859 1)
319 2822 342 2853 ἰ.
372 2832 400 2854 e.
430 2822 641 2856 clanculum.
