1878 3201
242 366 305 392 946.

183 1532 233 1566 ἰ).
247 1533 312 1560 335.

326 245 391 274 114
515 242 814 275 LIUDPRANDI
840 241 1180 274 ANTAPODOSIS.
1231 241 1322 273 LIB.
1350 241 1393 275 V.
1445 241 1599 274 26—27.

323 368 446 410 posse
476 353 750 408 conspiceret,
780 352 1003 392 Mannasse
1033 352 1304 392 ambitionem
1344 360 1384 393 et
1413 351 1712 404 kenodoxiam,
1751 352 1795 393 id.

324 416 386 451 est
428 423 582 450 vanam
627 407 816 462 gloriam,
864 421 1134 460 cognoscens,
1178 406 1436 448 Adelardum
1481 407 1534 448 ad
1574 422 1616 448 se
1653 408 1796 449 venire

324 465 508 519 rogavit:
554 464 622 504 cui
665 470 705 502 et
747 462 825 503 ait:
875 462 936 502 ‘Si
980 462 1254 503 munitionem
1293 463 1401 503 hanc
1436 463 1634 518 potestati
1677 478 1795 504 meae

323 520 555 571 tradideris,
611 518 914 572 dominumque
969 524 1087 558 tuum
1142 517 1394 559 Mannassen
1441 518 1494 559 ad
1543 518 1796 560 adiutorium

324 590 465 617 meum
492 573 750 630 protraxeris
762 579 791 624 ³,
832 588 875 613 se
914 571 1158 613 Mediolanii
1199 573 1595 629 archiepiscopatus,
1626 580 1666 615 te
1696 588 1797 615 vero

325 632 505 674 Cumani
536 630 803 683 episcopatus
824 628 1027 682 dignitate
1052 635 1149 682 post
1169 635 1388 684 acceptam
1408 630 1527 684 regni
1547 635 1797 685 potestatem

323 687 503 729 donabo.
562 685 619 726 Et
647 692 694 725 ut
722 684 984 739 promittenti
1013 683 1116 724 mihi
1136 684 1263 725 fidem
1284 683 1493 736 admittas,
1525 685 1638 740 quod
1656 683 1798 726 verbis

324 741 523 798 spondeO,
578 740 823 780 iuramentis
866 738 1066 779 adfirmo'.
1137 739 1257 780 Haec
1301 739 1400 780 dum
1444 740 1699 781 Mannasseb
1744 739 1797 781 ab

322 796 535 839 Adalardo
565 801 800 848 narrantur,
829 795 1105 836 munitionem
1136 793 1269 836 solum
1299 795 1554 849 Berengario
1585 795 1684 836 dare
1713 809 1798 836 non

323 854 455 904 iussit,
486 866 632 893 verum
662 851 787 892 etiam
816 849 945 891 Italos
976 865 1120 891 omnes
1149 851 1237 891 eius
1276 851 1319 891 in
1357 849 1560 891 auxilium
1591 851 1799 891 invitavit.

435 909 500 949 27.
558 907 692 947 Fama
720 906 860 960 igitur,
892 905 1061 946 ‘malum
1092 921 1174 961 quo
1204 921 1289 947 non
1318 905 1495 947 velotius
1517 905 1649 946 ullum
1668 906 1800 948 mobi-

323 964 436 1006 litate
467 965 590 1018 viget’
608 971 634 1014 ¹,
665 962 912 1017 Berengarii
941 962 1170 1003 adventum
1203 976 1330 1017 quam
1360 977 1460 1003 mox
1483 960 1676 1002 omnibus
1696 976 1801 1002 nun-

323 1020 453 1061 tiavit.
514 1018 814 1074 Ceperuntque
844 1032 946 1058 mox
974 1017 1175 1070 nonnulli,
1216 1018 1400 1072 Hugone
1430 1018 1606 1070 deserto,
1647 1017 1802 1059 Beren-

323 1076 440 1130 gario
471 1075 685 1117 adherere.
743 1073 910 1114 Horum
929 1073 1044 1124 Milo,
1076 1081 1300 1129 prepotens
1321 1074 1627 1115 Veronensium
1649 1087 1801 1125 comeS,

324 1131 461 1173 extitit
499 1131 672 1186 primus,
710 1129 782 1184 qui
819 1129 919 1170 dum
957 1129 1131 1185 Hugoni
1175 1136 1409 1184 suspectus,
1450 1129 1654 1185 appositis
1694 1128 1802 1169 clam

325 1186 568 1228 custodibus
599 1193 847 1238 servaretur,
883 1184 1100 1226 simulatus
1131 1200 1174 1226 se
1204 1200 1288 1226 non
1317 1184 1556 1239 intellegere
1587 1184 1802 1236 custodiri,

322 1242 454 1284 ferme
499 1256 644 1283 cenam
685 1255 819 1296 usque
858 1241 912 1281 ad
951 1241 1086 1282 noctis
1126 1241 1331 1295 pertraxit
1369 1240 1576 1293 medium3
1622 1254 1804 1295 cumque

325 1312 469 1339 omnes
499 1305 585 1338 tam
617 1310 763 1337 somno
795 1311 921 1352 quam
951 1296 1058 1352 lieo²
1089 1297 1322 1352 adgravati,
1356 1310 1533 1351 corpora
1564 1296 1693 1351 quieti
1722 1302 1804 1336 tra-

325 1353 522 1405 derentc,
567 1351 652 1392 solo
694 1367 737 1393 se
775 1353 847 1407 qui
887 1353 976 1392 eius
1020 1359 1261 1406 portaverat
1306 1351 1519 1407 clippeum
1565 1351 1805 1404 comitante,

325 1410 537 1451 Veronam
568 1407 753 1463 percitus
783 1408 910 1459 venit,
941 1407 1196 1462 directisque
1225 1407 1382 1448 nuntiis
1403 1407 1707 1462 Berengarium
1733 1421 1805 1448 ex-

327 1465 449 1517 civit3
496 1478 619 1519 quem
659 1469 700 1504 et
738 1463 781 1503 in
818 1463 1000 1516 Verona,
1045 1477 1127 1518 quo
1168 1462 1340 1518 Hugoni
1379 1462 1539 1503 firmius
1578 1462 1804 1515 resisteret,

328 1521 529 1575 suscepit.
599 1519 708 1560 Sane
753 1518 868 1559 nulla
910 1518 1020 1559 hunc
1064 1518 1288 1560 infidelitas
1319 1518 1371 1560 ab
1411 1519 1594 1570 Hugone
1624 1517 1803 1567 *divisit,

326 1591 473 1618 verum
503 1574 617 1616 illata
647 1574 727 1616 sibi
757 1574 809 1615 ab
842 1574 989 1616 eodem
1019 1574 1220 1615 nonnulla
1256 1574 1545 1627 incommoda,
1582 1587 1689 1628 quae
1719 1573 1804 1614 iam

327 1632 400 1673 diu
431 1632 635 1673 sustinere
665 1645 750 1671 non
780 1631 929 1686 potuit.
987 1631 1263 1686 Prosequitur
1292 1629 1404 1670 hunc
1425 1629 1566 1682 wido,
1597 1629 1804 1671 Mutinen-

328 1688 414 1729 sisd
444 1686 645 1728 aeclesiae
675 1686 828 1741 presul,
862 1700 947 1727 non
976 1687 1129 1728 iniuria
1158 1685 1387 1737 lacessitus,
1419 1686 1493 1727 sed
1522 1686 1708 1725 maxima
1736 1683 1807 1724 illa

327 1743 498 1786 abbatia
516 1741 768 1795 Nonantula,
801 1756 926 1798 quam
957 1749 998 1783 et
1025 1749 1125 1783 tunc
1154 1742 1395 1798 adquisivit,
1426 1742 1632 1782 animatus
1646 1747 1674 1780 ³.
1722 1740 1807 1791 Qui·

327 1800 554 1854 Hugonem
585 1797 718 1839 solum
748 1812 833 1838 non
863 1798 1058 1851 descruit,
1089 1813 1235 1839 verum
1267 1798 1392 1839 etiam
1421 1796 1648 1838 multorum
1668 1795 1806 1837 multi-

327 1855 515 1896 tudinem
544 1853 649 1895 tulit.
708 1853 834 1905 Quod
862 1853 990 1909 Hugo
1020 1860 1066 1894 ut
1094 1853 1267 1907 audivit,
1297 1853 1561 1908 congregatis
1591 1852 1722 1907 copiis
1752 1850 1807 1892 ad

329 1912 416 1953 eius
448 1916 631 1951 castrum
660 1909 939 1950 Vine01a1ne⁴
969 1910 1098 1962 venit,
1132 1909 1260 1965 idque
1290 1908 1466 1949 viriliter
1503 1908 1577 1949 sed
1605 1906 1807 1948 inutiliter

329 1966 610 2022 oppugnavit3
644 1964 757 2021 quod
787 1980 913 2021 quam
944 1965 1145 2006 mendatii
1174 1965 1357 2006 alienum
1388 1965 1452 2017 sit,
1484 1964 1688 2006 sententia
1709 1963 1806 2004 sub-

329 2036 506 2078 sequens
536 2021 777 2062 declarabit.
834 2020 942 2062 Nam
979 2021 1078 2062 dum
1114 2020 1260 2062 eodem
1301 2020 1485 2075 degeret,
1524 2019 1805 2073 Bel-engarius

327 2079 380 2120 ab
420 2076 624 2118 Arderico
665 2076 1010 2132 archiepiscopo⁵
1050 2077 1230 2129 accitus,
1270 2077 1482 2117 Veronam
1522 2075 1716 2128 deseruit,
1756 2088 1806 2115 ac

327 2133 627 2176 Mediolanium
657 2133 844 2174 concitus
873 2133 1002 2174 venit.
1062 2133 1157 2185 Quo
1188 2131 1344 2185 audito,
1375 2146 1452 2173 rex
1471 2131 1599 2187 Hugo
1629 2130 1806 2186 Papiam

327 2190 456 2231 tristis
497 2188 679 2230 advenit.
752 2187 969 2243 Ceperunt
1016 2189 1174 2230 interea
1224 2203 1369 2229 omnes
1416 2186 1563 2229 Italiae
1606 2187 1805 2242 primates

330 2246 466 2287 omine
510 2259 594 2285 non
638 2243 748 2285 bono
788 2245 1015 2299 Hugonem
1056 2244 1246 2285 deserere
1291 2249 1331 2286 et
1374 2243 1512 2298 egenti
1550 2242 1805 2297 Berengario

327 2300 540 2342 adherere.
582 2300 789 2355 Egentem
819 2308 972 2354 autem,
1003 2315 1089 2341 non
1116 2299 1244 2341 nichil
1273 2299 1558 2354 possidentem
1571 2305 1598 2352 ⁶,
1631 2298 1706 2339 sed
1736 2298 1806 2339 cui

328 2371 558 2412 numquam
599 2355 824 2411 quicquam
865 2357 964 2398 satis
1003 2364 1076 2410 est,
1116 2357 1194 2397 aio.
1269 2355 1505 2408 Quoniamf
1542 2352 1725 2409 improbi
1764 2359 1806 2394 et

329 2463 358 2497 a)
376 2472 415 2490 m.
428 2464 580 2489 inflectere
593 2465 728 2494 potueris
747 2464 877 2489 illumin
894 2465 1065 2490 cathedram
1083 2471 1247 2495 promoveo
1266 2464 1444 2489 Mediolanii
1458 2463 1736 2494 archiepiscopatus
1755 2461 1806 2487 5a.

328 2502 358 2536 b)
373 2510 519 2528 mannase
543 2504 568 2529 l.
609 2502 840 2535 c)t1·ade1·erent
863 2505 888 2530 1.
932 2504 961 2537 d)
980 2504 1154 2529 mutiniensi
1177 2505 1203 2530 1.
1256 2503 1283 2535 e)
1302 2503 1433 2536 meolam,
1455 2509 1542 2526 manu
1564 2502 1579 2526 2
1602 2502 1757 2527 vineolam
1776 2502 1805 2526 1.

332 2590 367 2633 1)
394 2592 499 2633 Verg.
526 2592 613 2623 Aen.
641 2592 701 2631 IV,
731 2591 810 2624 174.
841 2592 921 2623 175.
1023 2590 1059 2633 2)
1087 2592 1218 2633 Lyaeo,
1245 2591 1399 2622 Baccho.
1492 2588 1530 2631 3)
1558 2589 1662 2622 Wido
1690 2588 1804 2621 archi·

330 2640 560 2672 cancellarius
587 2641 697 2683 primo
723 2641 941 2682 Berengarii‚
976 2644 1048 2673 tum
1075 2641 1213 2673 Ottonis
1241 2637 1466 2681 (952-965)
1493 2639 1537 2670 ab
1565 2639 1632 2671 hoc
1658 2637 1803 2670 tandem

329 2690 509 2721 abbatiam
534 2688 772 2721 Nonantulam
798 2690 942 2732 recepit.
1019 2688 1057 2731 4)
1085 2688 1247 2730 vignola,
1275 2699 1383 2731 prope
1410 2688 1594 2728 panarum,
1621 2686 1804 2719 Muratorii

329 2739 452 2780 patria.
530 2735 568 2779 5)
594 2737 782 2770 Ardericus
809 2749 839 2769 a.
868 2737 937 2769 948
966 2737 1022 2769 die
1052 2738 1106 2769 13.
1135 2738 1211 2770 Oct.
1239 2747 1348 2769 mens.
1376 2736 1474 2769 obiit.
1558 2735 1595 2778 6)
1623 2736 1721 2776 Quae
1748 2745 1800 2767 se-

330 2791 481 2828 quuntur
506 2797 616 2828 usque
636 2789 727 2819 ‘sunt
750 2787 1035 2829 certissimaeque
1055 2785 1222 2827 divitiae'‚
1242 2785 1286 2818 ad
1305 2786 1449 2818 verbum
1467 2785 1539 2817 fere
1560 2795 1602 2818 ex
1625 2784 1799 2816 Cicerone

329 2836 406 2867 Par.
436 2835 498 2875 VI,
526 2837 558 2867 3.
586 2836 761 2878 exscripta
787 2839 879 2868 sunt.
