<?xml version="1.0" encoding="UTF-8"?>
<!DOCTYPE html PUBLIC "-//W3C//DTD XHTML 1.0 Transitional//EN"
    "http://www.w3.org/TR/xhtml1/DTD/xhtml1-transitional.dtd">
<html xmlns="http://www.w3.org/1999/xhtml" xml:lang="en" lang="en">
 <head>
  <title>
</title>
<meta http-equiv="Content-Type" content="text/html;charset=utf-8" />
  <meta name='ocr-system' content='tesseract 3.04.00' />
  <meta name='ocr-capabilities' content='ocr_page ocr_carea ocr_par ocr_line ocrx_word'/>
</head>
<body>
  <div class='ocr_page' id='page_1' title='image "./operaomnia00liuduoft_0044.png"; bbox 0 0 1853 3209; ppageno 0'>
   <div class='ocr_carea' id='block_1_1' title="bbox 204 290 267 315">
    <p class='ocr_par' dir='ltr' id='par_1_1' title="bbox 204 290 267 315">
     <span class='ocr_line' id='line_1_1' title="bbox 204 290 267 315; baseline 0 0"><span class='ocrx_word' id='word_1_1' title='bbox 204 290 267 315; x_wconf 84' lang='lat'>893.</span> 
     </span>
    </p>
   </div>
   <div class='ocr_carea' id='block_1_2' title="bbox 206 1299 271 1324">
    <p class='ocr_par' dir='ltr' id='par_1_2' title="bbox 206 1299 271 1324">
     <span class='ocr_line' id='line_1_2' title="bbox 206 1299 271 1324; baseline 0 0"><span class='ocrx_word' id='word_1_2' title='bbox 206 1299 271 1324; x_wconf 78' lang='lat'>894.</span> 
     </span>
    </p>
   </div>
   <div class='ocr_carea' id='block_1_3' title="bbox 207 1739 270 1764">
    <p class='ocr_par' dir='ltr' id='par_1_3' title="bbox 207 1739 270 1764">
     <span class='ocr_line' id='line_1_3' title="bbox 207 1739 270 1764; baseline -0.016 -2"><span class='ocrx_word' id='word_1_3' title='bbox 207 1739 270 1764; x_wconf 83' lang='lat' dir='ltr'>Ian.</span> 
     </span>
    </p>
   </div>
   <div class='ocr_carea' id='block_1_4' title="bbox 114 1971 270 2005">
    <p class='ocr_par' dir='ltr' id='par_1_4' title="bbox 114 1971 270 2005">
     <span class='ocr_line' id='line_1_4' title="bbox 114 1971 270 2005; baseline -0.013 -7"><span class='ocrx_word' id='word_1_4' title='bbox 114 1973 171 1998; x_wconf 84' lang='lat' dir='ltr'>1er.</span> <span class='ocrx_word' id='word_1_5' title='bbox 186 1971 231 2005; x_wconf 83' lang='lat'>19,</span> <span class='ocrx_word' id='word_1_6' title='bbox 244 1972 270 1999; x_wconf 84' lang='lat'>3.</span> 
     </span>
    </p>
   </div>
   <div class='ocr_carea' id='block_1_5' title="bbox 142 2083 268 2116">
    <p class='ocr_par' dir='ltr' id='par_1_5' title="bbox 142 2083 268 2116">
     <span class='ocr_line' id='line_1_5' title="bbox 142 2083 268 2116; baseline 0.008 -7"><span class='ocrx_word' id='word_1_7' title='bbox 142 2083 152 2094; x_wconf 76' lang='lat'><strong>⁸</strong></span> <span class='ocrx_word' id='word_1_8' title='bbox 163 2092 190 2116; x_wconf 90' lang='lat' dir='ltr'>p.</span> <span class='ocrx_word' id='word_1_9' title='bbox 204 2084 268 2110; x_wconf 80' lang='lat'>282.</span> 
     </span>
    </p>
   </div>
   <div class='ocr_carea' id='block_1_6' title="bbox 219 2410 270 2444">
    <p class='ocr_par' dir='ltr' id='par_1_6' title="bbox 219 2410 270 2444">
     <span class='ocr_line' id='line_1_6' title="bbox 219 2410 270 2444; baseline -0.02 0"><span class='ocrx_word' id='word_1_10' title='bbox 219 2410 270 2444; x_wconf 80' lang='lat'>(8.)</span> 
     </span>
    </p>
   </div>
   <div class='ocr_carea' id='block_1_7' title="bbox 286 175 1567 208">
    <p class='ocr_par' dir='ltr' id='par_1_7' title="bbox 286 175 1567 208">
     <span class='ocr_line' id='line_1_7' title="bbox 286 175 1567 208; baseline 0.002 -3"><span class='ocrx_word' id='word_1_11' title='bbox 286 175 328 206; x_wconf 88' lang='grc'>16</span> <span class='ocrx_word' id='word_1_12' title='bbox 489 175 789 207; x_wconf 80' lang='lat' dir='ltr'><strong>LIUDPRANDI</strong></span> <span class='ocrx_word' id='word_1_13' title='bbox 815 175 1157 208; x_wconf 77' lang='lat' dir='ltr'>ANTAPODOSIS.</span> <span class='ocrx_word' id='word_1_14' title='bbox 1209 176 1302 207; x_wconf 88' lang='lat' dir='ltr'>LIB.</span> <span class='ocrx_word' id='word_1_15' title='bbox 1330 175 1359 206; x_wconf 90' lang='grc' dir='ltr'>Ι.</span> <span class='ocrx_word' id='word_1_16' title='bbox 1413 175 1567 208; x_wconf 80' lang='grc'>21-25,</span> 
     </span>
    </p>
   </div>
   <div class='ocr_carea' id='block_1_8' title="bbox 282 285 1823 1061">
    <p class='ocr_par' dir='ltr' id='par_1_8' title="bbox 282 285 1823 1061">
     <span class='ocr_line' id='line_1_8' title="bbox 287 285 1760 341; baseline 0.001 -15"><span class='ocrx_word' id='word_1_17' title='bbox 287 285 479 340; x_wconf 79' lang='lat' dir='ltr'>Cumque</span> <span class='ocrx_word' id='word_1_18' title='bbox 509 286 552 325; x_wconf 89' lang='lat' dir='ltr'>in</span> <span class='ocrx_word' id='word_1_19' title='bbox 583 300 633 326; x_wconf 84' lang='lat' dir='ltr'>eo</span> <span class='ocrx_word' id='word_1_20' title='bbox 664 294 786 337; x_wconf 85' lang='lat' dir='ltr'>esset,</span> <span class='ocrx_word' id='word_1_21' title='bbox 817 293 863 327; x_wconf 85' lang='lat' dir='ltr'>ut</span> <span class='ocrx_word' id='word_1_22' title='bbox 884 286 1038 326; x_wconf 86' lang='lat' dir='ltr'>mutuis</span> <span class='ocrx_word' id='word_1_23' title='bbox 1060 300 1151 326; x_wconf 90' lang='lat' dir='ltr'>sese</span> <span class='ocrx_word' id='word_1_24' title='bbox 1173 285 1414 327; x_wconf 81' lang='lat' dir='ltr'>vulneribus</span> <span class='ocrx_word' id='word_1_25' title='bbox 1435 285 1622 341; x_wconf 89' lang='lat' dir='ltr'>figerent,</span> <span class='ocrx_word' id='word_1_26' title='bbox 1645 301 1760 328; x_wconf 86' lang='lat' dir='ltr'>more</span> 
     </span>
     <span class='ocr_line' id='line_1_9' title="bbox 286 340 1762 396; baseline 0 -15"><span class='ocrx_word' id='word_1_27' title='bbox 286 340 407 382; x_wconf 89' lang='lat' dir='ltr'>solito</span> <span class='ocrx_word' id='word_1_28' title='bbox 427 341 662 395; x_wconf 87' lang='lat' dir='ltr'>Bagoarius</span> <span class='ocrx_word' id='word_1_29' title='bbox 694 355 803 395; x_wconf 90' lang='lat' dir='ltr'>equo</span> <span class='ocrx_word' id='word_1_30' title='bbox 833 340 973 382; x_wconf 80' lang='lat' dir='ltr'>versili</span> <span class='ocrx_word' id='word_1_31' title='bbox 1003 342 1142 381; x_wconf 81' lang='lat' dir='ltr'>varios</span> <span class='ocrx_word' id='word_1_32' title='bbox 1162 340 1470 396; x_wconf 78' lang='lat' dir='ltr'>perplexosque</span> <span class='ocrx_word' id='word_1_33' title='bbox 1490 356 1566 396; x_wconf 90' lang='lat' dir='ltr'>per</span> <span class='ocrx_word' id='word_1_34' title='bbox 1585 341 1762 382; x_wconf 85' lang='lat' dir='ltr'>amfrac-</span> 
     </span>
     <span class='ocr_line' id='line_1_10' title="bbox 284 395 1761 451; baseline 0 -14"><span class='ocrx_word' id='word_1_35' title='bbox 284 403 351 437; x_wconf 90' lang='lat' dir='ltr'>tus</span> <span class='ocrx_word' id='word_1_36' title='bbox 396 397 507 451; x_wconf 85' lang='lat' dir='ltr'>cepit</span> <span class='ocrx_word' id='word_1_37' title='bbox 550 395 810 448; x_wconf 62' lang='lat' dir='ltr'>discruu’ere,</span> <span class='ocrx_word' id='word_1_38' title='bbox 867 396 1062 450; x_wconf 75' lang='lat' dir='ltr'>quatinus</span> <span class='ocrx_word' id='word_1_39' title='bbox 1110 397 1160 436; x_wconf 92' lang='lat' dir='ltr'>iis</span> <span class='ocrx_word' id='word_1_40' title='bbox 1209 397 1467 450; x_wconf 81' lang='lat' dir='ltr'>argumentis</span> <span class='ocrx_word' id='word_1_41' title='bbox 1516 396 1761 438; x_wconf 89' lang='lat' dir='ltr'>Hubaldum</span> 
     </span>
     <span class='ocr_line' id='line_1_11' title="bbox 284 450 1763 507; baseline 0.001 -15"><span class='ocrx_word' id='word_1_42' title='bbox 284 458 427 507; x_wconf 84' lang='lat' dir='ltr'>posset</span> <span class='ocrx_word' id='word_1_43' title='bbox 456 451 663 505; x_wconf 81' lang='lat' dir='ltr'>decipere.</span> <span class='ocrx_word' id='word_1_44' title='bbox 713 451 871 492; x_wconf 83' lang='lat' dir='ltr'>Verum</span> <span class='ocrx_word' id='word_1_45' title='bbox 904 465 1000 491; x_wconf 87' lang='lat' dir='ltr'>cum</span> <span class='ocrx_word' id='word_1_46' title='bbox 1028 450 1107 490; x_wconf 87' lang='lat' dir='ltr'>hac</span> <span class='ocrx_word' id='word_1_47' title='bbox 1127 457 1215 492; x_wconf 87' lang='lat' dir='ltr'>arte</span> <span class='ocrx_word' id='word_1_48' title='bbox 1235 458 1353 506; x_wconf 85' lang='lat' dir='ltr'>terga</span> <span class='ocrx_word' id='word_1_49' title='bbox 1373 458 1563 504; x_wconf 82' lang='lat' dir='ltr'>verteret,</span> <span class='ocrx_word' id='word_1_50' title='bbox 1596 459 1643 493; x_wconf 89' lang='lat' dir='ltr'>ut</span> <span class='ocrx_word' id='word_1_51' title='bbox 1661 467 1763 493; x_wconf 83' lang='lat' dir='ltr'>mox</span> 
     </span>
     <span class='ocr_line' id='line_1_12' title="bbox 282 505 1762 562; baseline 0 -15"><span class='ocrx_word' id='word_1_52' title='bbox 282 506 448 547; x_wconf 83' lang='lat' dir='ltr'>rediens</span> <span class='ocrx_word' id='word_1_53' title='bbox 479 506 726 547; x_wconf 86' lang='lat' dir='ltr'>Hubaldum</span> <span class='ocrx_word' id='word_1_54' title='bbox 757 522 811 547; x_wconf 80' lang='lat' dir='ltr'>ex</span> <span class='ocrx_word' id='word_1_55' title='bbox 840 505 1018 546; x_wconf 85' lang='lat' dir='ltr'>adverso</span> <span class='ocrx_word' id='word_1_56' title='bbox 1050 513 1297 559; x_wconf 89' lang='lat' dir='ltr'>percuteret,</span> <span class='ocrx_word' id='word_1_57' title='bbox 1336 521 1469 562; x_wconf 90' lang='lat' dir='ltr'>equus</span> <span class='ocrx_word' id='word_1_58' title='bbox 1501 508 1569 548; x_wconf 90' lang='lat' dir='ltr'>cui</span> <span class='ocrx_word' id='word_1_59' title='bbox 1600 506 1762 547; x_wconf 84' lang='lat' dir='ltr'>Hubal-</span> 
     </span>
     <span class='ocr_line' id='line_1_13' title="bbox 284 560 1811 617; baseline 0 -15"><span class='ocrx_word' id='word_1_60' title='bbox 284 562 361 602; x_wconf 91' lang='lat' dir='ltr'>dus</span> <span class='ocrx_word' id='word_1_61' title='bbox 390 561 601 602; x_wconf 80' lang='lat' dir='ltr'>insederat</span> <span class='ocrx_word' id='word_1_62' title='bbox 620 561 890 602; x_wconf 83' lang='lat' dir='ltr'>vehementer</span> <span class='ocrx_word' id='word_1_63' title='bbox 911 560 1145 601; x_wconf 86' lang='lat' dir='ltr'>calcaribus</span> <span class='ocrx_word' id='word_1_64' title='bbox 1166 561 1366 614; x_wconf 89' lang='lat' dir='ltr'>tunditur,</span> <span class='ocrx_word' id='word_1_65' title='bbox 1398 570 1439 603; x_wconf 84' lang='lat' dir='ltr'>et</span> <span class='ocrx_word' id='word_1_66' title='bbox 1458 577 1533 616; x_wconf 87' lang='lat' dir='ltr'>per</span> <span class='ocrx_word' id='word_1_67' title='bbox 1553 561 1761 617; x_wconf 88' lang='lat' dir='ltr'>scapulas,</span> <span class='ocrx_word' id='word_1_68' title='bbox 1806 599 1811 603; x_wconf 92' lang='lat'>.</span> 
     </span>
     <span class='ocr_line' id='line_1_14' title="bbox 283 616 1762 673; baseline 0.001 -16"><span class='ocrx_word' id='word_1_69' title='bbox 283 624 509 672; x_wconf 77' lang='lat' dir='ltr'>antequam</span> <span class='ocrx_word' id='word_1_70' title='bbox 554 618 708 658; x_wconf 84' lang='lat' dir='ltr'>reverti</span> <span class='ocrx_word' id='word_1_71' title='bbox 748 617 982 672; x_wconf 82' lang='lat' dir='ltr'>Bagoarius</span> <span class='ocrx_word' id='word_1_72' title='bbox 1033 623 1202 670; x_wconf 85' lang='lat' dir='ltr'>posset,</span> <span class='ocrx_word' id='word_1_73' title='bbox 1241 616 1386 657; x_wconf 85' lang='lat' dir='ltr'>lancea</span> <span class='ocrx_word' id='word_1_74' title='bbox 1425 618 1479 658; x_wconf 88' lang='lat' dir='ltr'>ad</span> <span class='ocrx_word' id='word_1_75' title='bbox 1518 632 1590 658; x_wconf 89' lang='lat' dir='ltr'>cor</span> <span class='ocrx_word' id='word_1_76' title='bbox 1628 632 1762 673; x_wconf 88' lang='lat' dir='ltr'>usque</span> 
     </span>
     <span class='ocr_line' id='line_1_15' title="bbox 283 671 1762 728; baseline 0 -15"><span class='ocrx_word' id='word_1_77' title='bbox 283 673 528 728; x_wconf 83' lang='lat' dir='ltr'>perforatur.</span> <span class='ocrx_word' id='word_1_78' title='bbox 596 671 819 713; x_wconf 85' lang='lat' dir='ltr'>Hubaldus</span> <span class='ocrx_word' id='word_1_79' title='bbox 863 673 993 726; x_wconf 89' lang='lat' dir='ltr'>igitur</span> <span class='ocrx_word' id='word_1_80' title='bbox 1038 672 1153 712; x_wconf 86' lang='lat' dir='ltr'>freno</span> <span class='ocrx_word' id='word_1_81' title='bbox 1196 671 1480 726; x_wconf 85' lang='lat' dir='ltr'>Bagoaricum</span> <span class='ocrx_word' id='word_1_82' title='bbox 1524 673 1762 727; x_wconf 84' lang='lat' dir='ltr'>percipiens</span> 
     </span>
     <span class='ocr_line' id='line_1_16' title="bbox 284 726 1818 783; baseline 0.001 -14"><span class='ocrx_word' id='word_1_83' title='bbox 284 743 453 783; x_wconf 86' lang='lat' dir='ltr'>cquum,</span> <span class='ocrx_word' id='word_1_84' title='bbox 483 729 623 783; x_wconf 88' lang='lat' dir='ltr'>ipsum</span> <span class='ocrx_word' id='word_1_85' title='bbox 653 729 696 768; x_wconf 87' lang='lat' dir='ltr'>in</span> <span class='ocrx_word' id='word_1_86' title='bbox 727 727 865 768; x_wconf 87' lang='lat' dir='ltr'>medio</span> <span class='ocrx_word' id='word_1_87' title='bbox 896 726 1055 767; x_wconf 74' lang='lat' dir='ltr'>fluvioli</span> <span class='ocrx_word' id='word_1_88' title='bbox 1076 726 1195 768; x_wconf 83' lang='lat' dir='ltr'>alveo</span> <span class='ocrx_word' id='word_1_89' title='bbox 1217 734 1392 767; x_wconf 78' lang='lat' dir='ltr'>exutum</span> <span class='ocrx_word' id='word_1_90' title='bbox 1415 727 1626 769; x_wconf 88' lang='lat' dir='ltr'>hominem</span> <span class='ocrx_word' id='word_1_91' title='bbox 1648 729 1764 769; x_wconf 87' lang='lat' dir='ltr'>dere-</span> <span class='ocrx_word' id='word_1_92' title='bbox 1815 766 1818 771; x_wconf 92' lang='lat'>.</span> 
     </span>
     <span class='ocr_line' id='line_1_17' title="bbox 284 781 1819 839; baseline -0.001 -16"><span class='ocrx_word' id='word_1_93' title='bbox 284 783 426 839; x_wconf 62' lang='lat' dir='ltr'>liquit,</span> <span class='ocrx_word' id='word_1_94' title='bbox 468 784 612 838; x_wconf 90' lang='lat' dir='ltr'>sicque</span> <span class='ocrx_word' id='word_1_95' title='bbox 643 798 813 824; x_wconf 90' lang='lat' dir='ltr'>suorum</span> <span class='ocrx_word' id='word_1_96' title='bbox 852 783 1027 823; x_wconf 85' lang='lat' dir='ltr'>iniuriae</span> <span class='ocrx_word' id='word_1_97' title='bbox 1067 781 1198 835; x_wconf 89' lang='lat' dir='ltr'>ultor,</span> <span class='ocrx_word' id='word_1_98' title='bbox 1240 781 1291 822; x_wconf 89' lang='lat' dir='ltr'>de</span> <span class='ocrx_word' id='word_1_99' title='bbox 1329 783 1540 837; x_wconf 89' lang='lat' dir='ltr'>triumpho</span> <span class='ocrx_word' id='word_1_100' title='bbox 1580 782 1634 823; x_wconf 89' lang='lat' dir='ltr'>ad</span> <span class='ocrx_word' id='word_1_101' title='bbox 1665 797 1763 824; x_wconf 89' lang='lat' dir='ltr'>suos</span> <span class='ocrx_word' id='word_1_102' title='bbox 1815 815 1819 821; x_wconf 94' lang='lat'>.</span> 
     </span>
     <span class='ocr_line' id='line_1_18' title="bbox 283 835 1823 893; baseline 0 -14"><span class='ocrx_word' id='word_1_103' title='bbox 283 839 391 880; x_wconf 87' lang='lat' dir='ltr'>redit</span> <span class='ocrx_word' id='word_1_104' title='bbox 430 838 610 879; x_wconf 82' lang='lat' dir='ltr'>hilarior.</span> <span class='ocrx_word' id='word_1_105' title='bbox 669 839 762 878; x_wconf 91' lang='lat' dir='ltr'>Hoc</span> <span class='ocrx_word' id='word_1_106' title='bbox 801 852 900 879; x_wconf 82' lang='lat' dir='ltr'>sane</span> <span class='ocrx_word' id='word_1_107' title='bbox 939 837 1097 878; x_wconf 86' lang='lat' dir='ltr'>factum</span> <span class='ocrx_word' id='word_1_108' title='bbox 1137 852 1222 878; x_wconf 92' lang='lat' dir='ltr'>non</span> <span class='ocrx_word' id='word_1_109' title='bbox 1260 836 1515 878; x_wconf 86' lang='lat' dir='ltr'>mediocrem</span> <span class='ocrx_word' id='word_1_110' title='bbox 1544 839 1763 893; x_wconf 86' lang='lat' dir='ltr'>Bagoariis</span> <span class='ocrx_word' id='word_1_111' title='bbox 1815 835 1823 891; x_wconf 38' lang='lat'>⁵·</span> 
     </span>
     <span class='ocr_line' id='line_1_19' title="bbox 283 893 1763 948; baseline -0.001 -13"><span class='ocrx_word' id='word_1_112' title='bbox 283 902 496 941; x_wconf 88' lang='lat' dir='ltr'>terrorem,</span> <span class='ocrx_word' id='word_1_113' title='bbox 526 893 684 934; x_wconf 80' lang='lat' dir='ltr'>Italicis</span> <span class='ocrx_word' id='word_1_114' title='bbox 718 893 930 934; x_wconf 85' lang='lat' dir='ltr'>audatiam</span> <span class='ocrx_word' id='word_1_115' title='bbox 962 893 1148 934; x_wconf 85' lang='lat' dir='ltr'>contulit.</span> <span class='ocrx_word' id='word_1_116' title='bbox 1206 894 1317 933; x_wconf 88' lang='lat' dir='ltr'>Inito</span> <span class='ocrx_word' id='word_1_117' title='bbox 1352 893 1537 948; x_wconf 84' lang='lat' dir='ltr'>quippea</span> <span class='ocrx_word' id='word_1_118' title='bbox 1565 893 1763 948; x_wconf 87' lang='lat' dir='ltr'>Bagoarii</span> 
     </span>
     <span class='ocr_line' id='line_1_20' title="bbox 284 947 1822 1004; baseline 0 -15"><span class='ocrx_word' id='word_1_119' title='bbox 284 948 470 1000; x_wconf 88' lang='lat' dir='ltr'>consilio,</span> <span class='ocrx_word' id='word_1_120' title='bbox 500 948 795 1004; x_wconf 83' lang='lat' dir='ltr'>nonnullisque</span> <span class='ocrx_word' id='word_1_121' title='bbox 818 948 1100 990; x_wconf 85' lang='lat' dir='ltr'>Centebaldus</span> <span class='ocrx_word' id='word_1_122' title='bbox 1126 963 1150 989; x_wconf 89' lang='lat' dir='ltr'>a</span> <span class='ocrx_word' id='word_1_123' title='bbox 1171 947 1355 990; x_wconf 53' lang='lat' dir='ltr'>lVidone</span> <span class='ocrx_word' id='word_1_124' title='bbox 1386 949 1548 1003; x_wconf 84' lang='lat' dir='ltr'>argenti</span> <span class='ocrx_word' id='word_1_125' title='bbox 1578 949 1763 1004; x_wconf 85' lang='lat' dir='ltr'>acceptis</span> <span class='ocrx_word' id='word_1_126' title='bbox 1820 971 1822 974; x_wconf 92' lang='lat'>·</span> 
     </span>
     <span class='ocr_line' id='line_1_21' title="bbox 282 1005 1075 1061; baseline 0.004 -16"><span class='ocrx_word' id='word_1_127' title='bbox 282 1005 551 1060; x_wconf 77' lang='lat' dir='ltr'>ponderibus,</span> <span class='ocrx_word' id='word_1_128' title='bbox 583 1006 627 1045; x_wconf 92' lang='lat' dir='ltr'>in</span> <span class='ocrx_word' id='word_1_129' title='bbox 656 1006 829 1061; x_wconf 84' lang='lat' dir='ltr'>propria</span> <span class='ocrx_word' id='word_1_130' title='bbox 858 1005 1075 1048; x_wconf 82' lang='lat' dir='ltr'>remcavit.</span> 
     </span>
    </p>
   </div>
   <div class='ocr_carea' id='block_1_9' title="bbox 395 1058 1828 1115">
    <p class='ocr_par' dir='ltr' id='par_1_9' title="bbox 395 1058 1828 1115">
     <span class='ocr_line' id='line_1_22' title="bbox 395 1058 1828 1115; baseline -0.001 -14"><span class='ocrx_word' id='word_1_131' title='bbox 395 1061 460 1101; x_wconf 74' lang='lat'>22.</span> <span class='ocrx_word' id='word_1_132' title='bbox 504 1061 641 1115; x_wconf 85' lang='lat' dir='ltr'>Igitur</span> <span class='ocrx_word' id='word_1_133' title='bbox 660 1061 941 1115; x_wconf 87' lang='lat' dir='ltr'>Berengarius</span> <span class='ocrx_word' id='word_1_134' title='bbox 973 1060 1073 1101; x_wconf 88' lang='lat' dir='ltr'>dum</span> <span class='ocrx_word' id='word_1_135' title='bbox 1105 1059 1177 1100; x_wconf 90' lang='lat' dir='ltr'>ubi</span> <span class='ocrx_word' id='word_1_136' title='bbox 1205 1074 1409 1115; x_wconf 85' lang='lat' dir='ltr'>prospera</span> <span class='ocrx_word' id='word_1_137' title='bbox 1439 1059 1519 1100; x_wconf 85' lang='lat' dir='ltr'>sibi</span> <span class='ocrx_word' id='word_1_138' title='bbox 1549 1058 1765 1100; x_wconf 87' lang='lat' dir='ltr'>adversari</span> <span class='ocrx_word' id='word_1_139' title='bbox 1824 1071 1828 1087; x_wconf 80' lang='lat'>&#39;-</span> 
     </span>
    </p>
   </div>
   <div class='ocr_carea' id='block_1_10' title="bbox 282 1115 1834 2504">
    <p class='ocr_par' dir='ltr' id='par_1_10' title="bbox 282 1115 1834 1506">
     <span class='ocr_line' id='line_1_23' title="bbox 284 1115 1765 1172; baseline -0.001 -15"><span class='ocrx_word' id='word_1_140' title='bbox 284 1117 556 1172; x_wconf 87' lang='lat' dir='ltr'>prospiceret,</span> <span class='ocrx_word' id='word_1_141' title='bbox 590 1131 686 1157; x_wconf 90' lang='lat' dir='ltr'>cum</span> <span class='ocrx_word' id='word_1_142' title='bbox 709 1115 966 1157; x_wconf 83' lang='lat' dir='ltr'>Centcbaldo</span> <span class='ocrx_word' id='word_1_143' title='bbox 992 1116 1149 1170; x_wconf 86' lang='lat' dir='ltr'>pariter</span> <span class='ocrx_word' id='word_1_144' title='bbox 1170 1115 1334 1156; x_wconf 87' lang='lat' dir='ltr'>Arnulfi</span> <span class='ocrx_word' id='word_1_145' title='bbox 1362 1116 1474 1171; x_wconf 88' lang='lat' dir='ltr'>regis</span> <span class='ocrx_word' id='word_1_146' title='bbox 1504 1115 1591 1156; x_wconf 86' lang='lat' dir='ltr'>adit</span> <span class='ocrx_word' id='word_1_147' title='bbox 1620 1122 1765 1170; x_wconf 86' lang='lat' dir='ltr'>poten-</span> 
     </span>
     <span class='ocr_line' id='line_1_24' title="bbox 284 1171 1765 1227; baseline 0 -15"><span class='ocrx_word' id='word_1_148' title='bbox 284 1173 397 1224; x_wconf 81' lang='lat' dir='ltr'>tiam,</span> <span class='ocrx_word' id='word_1_149' title='bbox 430 1187 550 1212; x_wconf 86' lang='lat' dir='ltr'>orans</span> <span class='ocrx_word' id='word_1_150' title='bbox 580 1186 630 1212; x_wconf 89' lang='lat' dir='ltr'>ac</span> <span class='ocrx_word' id='word_1_151' title='bbox 659 1171 874 1227; x_wconf 91' lang='lat' dir='ltr'>pollicens,</span> <span class='ocrx_word' id='word_1_152' title='bbox 904 1178 951 1212; x_wconf 89' lang='lat' dir='ltr'>ut</span> <span class='ocrx_word' id='word_1_153' title='bbox 981 1173 1014 1211; x_wconf 89' lang='lat' dir='ltr'>si</span> <span class='ocrx_word' id='word_1_154' title='bbox 1043 1172 1184 1226; x_wconf 87' lang='lat' dir='ltr'>ipsum</span> <span class='ocrx_word' id='word_1_155' title='bbox 1215 1171 1445 1224; x_wconf 76' lang='lat' dir='ltr'>adiuvaret,</span> <span class='ocrx_word' id='word_1_156' title='bbox 1477 1185 1519 1211; x_wconf 88' lang='lat' dir='ltr'>se</span> <span class='ocrx_word' id='word_1_157' title='bbox 1549 1177 1765 1225; x_wconf 88' lang='lat' dir='ltr'>totamque</span> 
     </span>
     <span class='ocr_line' id='line_1_25' title="bbox 284 1225 1765 1282; baseline -0.001 -13"><span class='ocrx_word' id='word_1_158' title='bbox 284 1226 461 1280; x_wconf 86' lang='lat' dir='ltr'>Italiam,</span> <span class='ocrx_word' id='word_1_159' title='bbox 492 1234 538 1268; x_wconf 89' lang='lat' dir='ltr'>ut</span> <span class='ocrx_word' id='word_1_160' title='bbox 568 1235 664 1268; x_wconf 90' lang='lat' dir='ltr'>ante</span> <span class='ocrx_word' id='word_1_161' title='bbox 694 1228 955 1282; x_wconf 81' lang='lat' dir='ltr'>promiserat,</span> <span class='ocrx_word' id='word_1_162' title='bbox 988 1227 1144 1267; x_wconf 92' lang='lat' dir='ltr'>dicioni</span> <span class='ocrx_word' id='word_1_163' title='bbox 1166 1241 1265 1267; x_wconf 86' lang='lat' dir='ltr'>suae</span> <span class='ocrx_word' id='word_1_164' title='bbox 1286 1232 1554 1282; x_wconf 81' lang='lat' dir='ltr'>supponeret.</span> <span class='ocrx_word' id='word_1_165' title='bbox 1604 1225 1765 1267; x_wconf 84' lang='lat' dir='ltr'>Tantae</span> 
     </span>
     <span class='ocr_line' id='line_1_26' title="bbox 285 1281 1765 1339; baseline -0.001 -15"><span class='ocrx_word' id='word_1_166' title='bbox 285 1284 320 1324; x_wconf 89' lang='lat' dir='ltr'>si</span> <span class='ocrx_word' id='word_1_167' title='bbox 352 1283 492 1323; x_wconf 89' lang='lat' dir='ltr'>uidem</span> <span class='ocrx_word' id='word_1_168' title='bbox 529 1290 575 1324; x_wconf 88' lang='lat' dir='ltr'>ut</span> <span class='ocrx_word' id='word_1_169' title='bbox 611 1284 873 1339; x_wconf 84' lang='lat' dir='ltr'>prediximus</span> <span class='ocrx_word' id='word_1_170' title='bbox 912 1283 1203 1337; x_wconf 88' lang='lat' dir='ltr'>promissionis</span> <span class='ocrx_word' id='word_1_171' title='bbox 1242 1284 1377 1338; x_wconf 87' lang='lat' dir='ltr'>gratia</span> <span class='ocrx_word' id='word_1_172' title='bbox 1416 1282 1592 1334; x_wconf 80' lang='lat' dir='ltr'>excitus,</span> <span class='ocrx_word' id='word_1_173' title='bbox 1633 1281 1765 1337; x_wconf 86' lang='lat' dir='ltr'>copiis</span> 
     </span>
     <span class='ocr_line' id='line_1_27' title="bbox 286 1298 1834 1390; baseline -0.001 -10"><span class='ocrx_word' id='word_1_174' title='bbox 286 1298 471 1380; x_wconf 67' lang='lat' dir='ltr'>cdllectis</span> <span class='ocrx_word' id='word_1_175' title='bbox 514 1353 599 1379; x_wconf 91' lang='lat' dir='ltr'>non</span> <span class='ocrx_word' id='word_1_176' title='bbox 639 1339 845 1390; x_wconf 88' lang='lat' dir='ltr'>minimis,</span> <span class='ocrx_word' id='word_1_177' title='bbox 890 1337 1056 1380; x_wconf 83' lang='lat' dir='ltr'>Italiam</span> <span class='ocrx_word' id='word_1_178' title='bbox 1097 1337 1197 1382; x_wconf 85' lang='lat' dir='ltr'>adit.</span> <span class='ocrx_word' id='word_1_179' title='bbox 1267 1337 1346 1379; x_wconf 84' lang='lat' dir='ltr'>Cui</span> <span class='ocrx_word' id='word_1_180' title='bbox 1384 1337 1678 1390; x_wconf 83' lang='lat' dir='ltr'>Berengarius,</span> <span class='ocrx_word' id='word_1_181' title='bbox 1719 1343 1767 1378; x_wconf 86' lang='lat' dir='ltr'>ut</span> <span class='ocrx_word' id='word_1_182' title='bbox 1832 1375 1834 1385; x_wconf 57' lang='lat'>,</span> 
     </span>
     <span class='ocr_line' id='line_1_28' title="bbox 283 1391 1833 1449; baseline -0.002 -14"><span class='ocrx_word' id='word_1_183' title='bbox 283 1395 572 1449; x_wconf 89' lang='lat' dir='ltr'>promissionis</span> <span class='ocrx_word' id='word_1_184' title='bbox 603 1408 703 1435; x_wconf 88' lang='lat' dir='ltr'>suae</span> <span class='ocrx_word' id='word_1_185' title='bbox 732 1394 858 1434; x_wconf 88' lang='lat' dir='ltr'>fidem</span> <span class='ocrx_word' id='word_1_186' title='bbox 889 1393 1018 1446; x_wconf 87' lang='lat' dir='ltr'>daret,</span> <span class='ocrx_word' id='word_1_187' title='bbox 1059 1393 1316 1434; x_wconf 85' lang='lat' dir='ltr'>credulitatis</span> <span class='ocrx_word' id='word_1_188' title='bbox 1347 1392 1551 1434; x_wconf 87' lang='lat' dir='ltr'>arrabone</span> <span class='ocrx_word' id='word_1_189' title='bbox 1583 1391 1765 1448; x_wconf 90' lang='lat' dir='ltr'>clipeum</span> <span class='ocrx_word' id='word_1_190' title='bbox 1807 1392 1833 1412; x_wconf 67' lang='grc'>·’</span> 
     </span>
     <span class='ocr_line' id='line_1_29' title="bbox 282 1457 434 1506; baseline -0.007 -15"><span class='ocrx_word' id='word_1_191' title='bbox 282 1457 434 1506; x_wconf 85' lang='lat' dir='ltr'>portat.</span> 
     </span>
    </p>

    <p class='ocr_par' dir='ltr' id='par_1_11' title="bbox 283 1503 1811 2006">
     <span class='ocr_line' id='line_1_30' title="bbox 394 1503 1811 1560; baseline -0.002 -14"><span class='ocrx_word' id='word_1_192' title='bbox 394 1505 460 1546; x_wconf 71' lang='lat'>23.</span> <span class='ocrx_word' id='word_1_193' title='bbox 507 1506 738 1560; x_wconf 70' lang='lat' dir='ltr'>Susceptus</span> <span class='ocrx_word' id='word_1_194' title='bbox 777 1505 920 1559; x_wconf 84' lang='lat' dir='ltr'>itaquo</span> <span class='ocrx_word' id='word_1_195' title='bbox 960 1519 985 1544; x_wconf 82' lang='lat' dir='ltr'>a</span> <span class='ocrx_word' id='word_1_196' title='bbox 1023 1503 1352 1557; x_wconf 81' lang='lat' dir='ltr'>Veronensibus,</span> <span class='ocrx_word' id='word_1_197' title='bbox 1391 1503 1445 1543; x_wconf 88' lang='lat' dir='ltr'>ad</span> <span class='ocrx_word' id='word_1_198' title='bbox 1485 1503 1633 1544; x_wconf 87' lang='lat' dir='ltr'>urbem</span> <span class='ocrx_word' id='word_1_199' title='bbox 1668 1517 1762 1558; x_wconf 90' lang='lat' dir='ltr'>pro·</span> <span class='ocrx_word' id='word_1_200' title='bbox 1808 1523 1811 1526; x_wconf 40' lang='lat' dir='ltr'><strong><em>s</em></strong></span> 
     </span>
     <span class='ocr_line' id='line_1_31' title="bbox 284 1558 1764 1615; baseline -0.002 -14"><span class='ocrx_word' id='word_1_201' title='bbox 284 1560 486 1601; x_wconf 87' lang='lat' dir='ltr'>ficiscitur</span> <span class='ocrx_word' id='word_1_202' title='bbox 523 1561 790 1615; x_wconf 84' lang='lat' dir='ltr'>Pergamum.</span> <span class='ocrx_word' id='word_1_203' title='bbox 865 1560 949 1601; x_wconf 87' lang='lat' dir='ltr'>Ubi</span> <span class='ocrx_word' id='word_1_204' title='bbox 990 1560 1091 1600; x_wconf 86' lang='lat' dir='ltr'>dum</span> <span class='ocrx_word' id='word_1_205' title='bbox 1132 1559 1371 1600; x_wconf 88' lang='lat' dir='ltr'>firmissima</span> <span class='ocrx_word' id='word_1_206' title='bbox 1408 1558 1490 1599; x_wconf 90' lang='lat' dir='ltr'>loci</span> <span class='ocrx_word' id='word_1_207' title='bbox 1533 1559 1764 1599; x_wconf 89' lang='lat' dir='ltr'>munitione</span> 
     </span>
     <span class='ocr_line' id='line_1_32' title="bbox 285 1613 1764 1670; baseline -0.001 -14"><span class='ocrx_word' id='word_1_208' title='bbox 285 1616 449 1668; x_wconf 89' lang='lat' dir='ltr'>confisi,</span> <span class='ocrx_word' id='word_1_209' title='bbox 490 1617 618 1656; x_wconf 89' lang='lat' dir='ltr'>immo</span> <span class='ocrx_word' id='word_1_210' title='bbox 651 1616 837 1670; x_wconf 80' lang='lat' dir='ltr'>decepti,</span> <span class='ocrx_word' id='word_1_211' title='bbox 875 1615 1066 1656; x_wconf 84' lang='lat' dir='ltr'>homines</span> <span class='ocrx_word' id='word_1_212' title='bbox 1097 1615 1135 1656; x_wconf 89' lang='lat' dir='ltr'>ei</span> <span class='ocrx_word' id='word_1_213' title='bbox 1166 1629 1382 1656; x_wconf 87' lang='lat' dir='ltr'>occurrere</span> <span class='ocrx_word' id='word_1_214' title='bbox 1412 1613 1580 1667; x_wconf 87' lang='lat' dir='ltr'>nollent,</span> <span class='ocrx_word' id='word_1_215' title='bbox 1611 1621 1764 1655; x_wconf 84' lang='lat' dir='ltr'>castra-</span> 
     </span>
     <span class='ocr_line' id='line_1_33' title="bbox 283 1669 1765 1726; baseline -0.002 -14"><span class='ocrx_word' id='word_1_216' title='bbox 283 1672 492 1713; x_wconf 75' lang='lat' dir='ltr'>metatusb</span> <span class='ocrx_word' id='word_1_217' title='bbox 524 1671 685 1723; x_wconf 89' lang='lat' dir='ltr'>eodem,</span> <span class='ocrx_word' id='word_1_218' title='bbox 716 1670 814 1712; x_wconf 87' lang='lat' dir='ltr'>belli</span> <span class='ocrx_word' id='word_1_219' title='bbox 843 1670 1085 1712; x_wconf 88' lang='lat' dir='ltr'>fortitudine</span> <span class='ocrx_word' id='word_1_220' title='bbox 1105 1671 1252 1712; x_wconf 89' lang='lat' dir='ltr'>urbem</span> <span class='ocrx_word' id='word_1_221' title='bbox 1280 1671 1402 1725; x_wconf 88' lang='lat' dir='ltr'>cepit,</span> <span class='ocrx_word' id='word_1_222' title='bbox 1432 1669 1607 1726; x_wconf 87' lang='lat' dir='ltr'>iugulat,</span> <span class='ocrx_word' id='word_1_223' title='bbox 1638 1670 1765 1711; x_wconf 87' lang='lat' dir='ltr'>truci-</span> 
     </span>
     <span class='ocr_line' id='line_1_34' title="bbox 285 1725 1762 1778; baseline -0.001 -10"><span class='ocrx_word' id='word_1_224' title='bbox 285 1728 368 1769; x_wconf 87' lang='lat' dir='ltr'>dat.</span> <span class='ocrx_word' id='word_1_225' title='bbox 413 1727 606 1768; x_wconf 79' lang='lat' dir='ltr'>Civitatis</span> <span class='ocrx_word' id='word_1_226' title='bbox 637 1728 762 1768; x_wconf 88' lang='lat' dir='ltr'>etiam</span> <span class='ocrx_word' id='word_1_227' title='bbox 793 1728 1002 1778; x_wconf 87' lang='lat' dir='ltr'>comitem,</span> <span class='ocrx_word' id='word_1_228' title='bbox 1034 1725 1286 1766; x_wconf 89' lang='lat' dir='ltr'>Ambrosius</span> <span class='ocrx_word' id='word_1_229' title='bbox 1315 1726 1495 1778; x_wconf 90' lang='lat' dir='ltr'>nomine,</span> <span class='ocrx_word' id='word_1_230' title='bbox 1526 1739 1621 1766; x_wconf 92' lang='lat' dir='ltr'>cum</span> <span class='ocrx_word' id='word_1_231' title='bbox 1652 1739 1762 1778; x_wconf 88' lang='lat' dir='ltr'>ense,</span> 
     </span>
     <span class='ocr_line' id='line_1_35' title="bbox 284 1780 1765 1837; baseline -0.002 -13"><span class='ocrx_word' id='word_1_232' title='bbox 284 1783 437 1835; x_wconf 88' lang='lat' dir='ltr'>balteo,</span> <span class='ocrx_word' id='word_1_233' title='bbox 467 1782 652 1835; x_wconf 86' lang='lat' dir='ltr'>armillis,</span> <span class='ocrx_word' id='word_1_234' title='bbox 683 1783 915 1837; x_wconf 84' lang='lat' dir='ltr'>ceterisque</span> <span class='ocrx_word' id='word_1_235' title='bbox 936 1782 1246 1837; x_wconf 86' lang='lat' dir='ltr'>pretiosissimis</span> <span class='ocrx_word' id='word_1_236' title='bbox 1273 1781 1541 1834; x_wconf 87' lang='lat' dir='ltr'>indumentis,</span> <span class='ocrx_word' id='word_1_237' title='bbox 1564 1780 1765 1835; x_wconf 89' lang='lat' dir='ltr'>suspendi</span> 
     </span>
     <span class='ocr_line' id='line_1_36' title="bbox 286 1836 1765 1894; baseline -0.003 -14"><span class='ocrx_word' id='word_1_238' title='bbox 286 1847 381 1880; x_wconf 88' lang='lat' dir='ltr'>ante</span> <span class='ocrx_word' id='word_1_239' title='bbox 420 1846 540 1894; x_wconf 89' lang='lat' dir='ltr'>porte</span> <span class='ocrx_word' id='word_1_240' title='bbox 578 1840 746 1879; x_wconf 87' lang='lat' dir='ltr'>ianuam</span> <span class='ocrx_word' id='word_1_241' title='bbox 785 1838 896 1879; x_wconf 85' lang='lat' dir='ltr'>fecit.</span> <span class='ocrx_word' id='word_1_242' title='bbox 965 1836 1118 1889; x_wconf 76' lang='lat' dir='ltr'>Quod¹</span> <span class='ocrx_word' id='word_1_243' title='bbox 1159 1837 1319 1878; x_wconf 88' lang='lat' dir='ltr'>factum</span> <span class='ocrx_word' id='word_1_244' title='bbox 1358 1837 1534 1878; x_wconf 89' lang='lat' dir='ltr'>caeteris</span> <span class='ocrx_word' id='word_1_245' title='bbox 1571 1837 1765 1877; x_wconf 87' lang='lat' dir='ltr'>omnibus</span> 
     </span>
     <span class='ocr_line' id='line_1_37' title="bbox 285 1891 1764 1950; baseline -0.001 -15"><span class='ocrx_word' id='word_1_246' title='bbox 285 1893 462 1936; x_wconf 89' lang='lat' dir='ltr'>urbibus</span> <span class='ocrx_word' id='word_1_247' title='bbox 493 1895 738 1950; x_wconf 89' lang='lat' dir='ltr'>cunctisque</span> <span class='ocrx_word' id='word_1_248' title='bbox 769 1892 1030 1948; x_wconf 88' lang='lat' dir='ltr'>principibus</span> <span class='ocrx_word' id='word_1_249' title='bbox 1059 1900 1260 1933; x_wconf 85' lang='lat' dir='ltr'>terrorem</span> <span class='ocrx_word' id='word_1_250' title='bbox 1290 1906 1468 1947; x_wconf 83' lang='lat' dir='ltr'>parvum</span> <span class='ocrx_word' id='word_1_251' title='bbox 1497 1906 1582 1933; x_wconf 92' lang='lat' dir='ltr'>non</span> <span class='ocrx_word' id='word_1_252' title='bbox 1607 1891 1764 1944; x_wconf 76' lang='lat' dir='ltr'>attulit3</span> 
     </span>
     <span class='ocr_line' id='line_1_38' title="bbox 287 1946 1597 2006; baseline -0.002 -15"><span class='ocrx_word' id='word_1_253' title='bbox 287 1952 541 2006; x_wconf 88' lang='lat' dir='ltr'>quicumque</span> <span class='ocrx_word' id='word_1_254' title='bbox 570 1949 649 1991; x_wconf 90' lang='lat' dir='ltr'>hoc</span> <span class='ocrx_word' id='word_1_255' title='bbox 679 1948 880 2002; x_wconf 84' lang='lat' dir='ltr'>audierat,</span> <span class='ocrx_word' id='word_1_256' title='bbox 911 1956 1088 2003; x_wconf 86' lang='lat' dir='ltr'>utraque</span> <span class='ocrx_word' id='word_1_257' title='bbox 1118 1949 1231 1989; x_wconf 87' lang='lat' dir='ltr'>auris</span> <span class='ocrx_word' id='word_1_258' title='bbox 1262 1949 1350 1988; x_wconf 89' lang='lat' dir='ltr'>eius</span> <span class='ocrx_word' id='word_1_259' title='bbox 1380 1946 1597 1989; x_wconf 86' lang='lat' dir='ltr'>tinniebat.</span> 
     </span>
    </p>

    <p class='ocr_par' dir='ltr' id='par_1_12' title="bbox 282 2002 1766 2395">
     <span class='ocr_line' id='line_1_39' title="bbox 396 2002 1765 2060; baseline -0.002 -14"><span class='ocrx_word' id='word_1_260' title='bbox 396 2006 461 2046; x_wconf 74' lang='lat'>24.</span> <span class='ocrx_word' id='word_1_261' title='bbox 506 2005 868 2046; x_wconf 82' lang='lat' dir='ltr'>Mediolanenses2</span> <span class='ocrx_word' id='word_1_262' title='bbox 912 2005 1041 2059; x_wconf 84' lang='lat' dir='ltr'>igitur</span> <span class='ocrx_word' id='word_1_263' title='bbox 1085 2011 1210 2060; x_wconf 88' lang='lat' dir='ltr'>atque</span> <span class='ocrx_word' id='word_1_264' title='bbox 1241 2004 1486 2044; x_wconf 88' lang='lat' dir='ltr'>Ticinenses</span> <span class='ocrx_word' id='word_1_265' title='bbox 1529 2003 1609 2044; x_wconf 88' lang='lat' dir='ltr'>hac</span> <span class='ocrx_word' id='word_1_266' title='bbox 1652 2002 1765 2043; x_wconf 83' lang='lat' dir='ltr'>fama</span> 
     </span>
     <span class='ocr_line' id='line_1_40' title="bbox 284 2058 1765 2118; baseline -0.003 -16"><span class='ocrx_word' id='word_1_267' title='bbox 284 2062 507 2118; x_wconf 84' lang='lat' dir='ltr'>perterriti,</span> <span class='ocrx_word' id='word_1_268' title='bbox 538 2062 626 2102; x_wconf 90' lang='lat' dir='ltr'>eius</span> <span class='ocrx_word' id='word_1_269' title='bbox 666 2076 750 2101; x_wconf 91' lang='lat' dir='ltr'>non</span> <span class='ocrx_word' id='word_1_270' title='bbox 784 2061 899 2116; x_wconf 84' lang='lat' dir='ltr'>passi</span> <span class='ocrx_word' id='word_1_271' title='bbox 930 2067 1026 2100; x_wconf 88' lang='lat' dir='ltr'>sunt</span> <span class='ocrx_word' id='word_1_272' title='bbox 1054 2058 1302 2114; x_wconf 87' lang='lat' dir='ltr'>*prestolari</span> <span class='ocrx_word' id='word_1_273' title='bbox 1333 2059 1577 2111; x_wconf 84' lang='lat' dir='ltr'>adventum,</span> <span class='ocrx_word' id='word_1_274' title='bbox 1617 2073 1765 2099; x_wconf 85' lang='lat' dir='ltr'>verum</span> 
     </span>
     <span class='ocr_line' id='line_1_41' title="bbox 283 2114 1766 2173; baseline -0.003 -14"><span class='ocrx_word' id='word_1_275' title='bbox 283 2119 489 2173; x_wconf 86' lang='lat' dir='ltr'>premissa</span> <span class='ocrx_word' id='word_1_276' title='bbox 524 2116 754 2172; x_wconf 85' lang='lat' dir='ltr'>legatione,</span> <span class='ocrx_word' id='word_1_277' title='bbox 797 2116 970 2157; x_wconf 90' lang='lat' dir='ltr'>iussioni</span> <span class='ocrx_word' id='word_1_278' title='bbox 1001 2130 1100 2155; x_wconf 89' lang='lat' dir='ltr'>suae</span> <span class='ocrx_word' id='word_1_279' title='bbox 1131 2130 1175 2156; x_wconf 90' lang='lat' dir='ltr'>se</span> <span class='ocrx_word' id='word_1_280' title='bbox 1206 2115 1565 2169; x_wconf 85' lang='lat' dir='ltr'>obtemperaturos</span> <span class='ocrx_word' id='word_1_281' title='bbox 1595 2114 1766 2169; x_wconf 90' lang='lat' dir='ltr'>promit-</span> 
     </span>
     <span class='ocr_line' id='line_1_42' title="bbox 283 2169 1766 2228; baseline -0.003 -14"><span class='ocrx_word' id='word_1_282' title='bbox 283 2180 388 2214; x_wconf 90' lang='lat' dir='ltr'>tunt.</span> <span class='ocrx_word' id='word_1_283' title='bbox 448 2173 648 2214; x_wconf 88' lang='lat' dir='ltr'>Ottonem</span> <span class='ocrx_word' id='word_1_284' title='bbox 686 2173 852 2228; x_wconf 86' lang='lat' dir='ltr'>itaque,</span> <span class='ocrx_word' id='word_1_285' title='bbox 895 2171 1113 2212; x_wconf 86' lang='lat' dir='ltr'>Saxonum</span> <span class='ocrx_word' id='word_1_286' title='bbox 1151 2171 1488 2225; x_wconf 87' lang='lat' dir='ltr'>potentissimum</span> <span class='ocrx_word' id='word_1_287' title='bbox 1517 2169 1681 2222; x_wconf 89' lang='lat' dir='ltr'>ducem,</span> <span class='ocrx_word' id='word_1_288' title='bbox 1711 2196 1766 2200; x_wconf 97' lang='lat'>—</span> 
     </span>
     <span class='ocr_line' id='line_1_43' title="bbox 282 2225 1766 2283; baseline -0.003 -14"><span class='ocrx_word' id='word_1_289' title='bbox 282 2227 407 2269; x_wconf 90' lang='lat' dir='ltr'>huius</span> <span class='ocrx_word' id='word_1_290' title='bbox 423 2236 438 2254; x_wconf 81' lang='lat'><strong>⁰</strong></span> <span class='ocrx_word' id='word_1_291' title='bbox 457 2226 748 2283; x_wconf 89' lang='lat' dir='ltr'>gloriosissimi</span> <span class='ocrx_word' id='word_1_292' title='bbox 768 2234 895 2283; x_wconf 89' lang='lat' dir='ltr'>atque</span> <span class='ocrx_word' id='word_1_293' title='bbox 915 2227 1180 2267; x_wconf 78' lang='lat' dir='ltr'>invictissimi</span> <span class='ocrx_word' id='word_1_294' title='bbox 1209 2226 1321 2280; x_wconf 91' lang='lat' dir='ltr'>regis</span> <span class='ocrx_word' id='word_1_295' title='bbox 1343 2225 1523 2279; x_wconf 88' lang='lat' dir='ltr'>Ottonis,</span> <span class='ocrx_word' id='word_1_296' title='bbox 1556 2225 1628 2280; x_wconf 91' lang='lat' dir='ltr'>qui</span> <span class='ocrx_word' id='word_1_297' title='bbox 1653 2239 1766 2265; x_wconf 86' lang='lat' dir='ltr'>nunc</span> 
     </span>
     <span class='ocr_line' id='line_1_44' title="bbox 284 2280 1765 2340; baseline -0.002 -16"><span class='ocrx_word' id='word_1_298' title='bbox 284 2291 475 2340; x_wconf 90' lang='lat' dir='ltr'>superest</span> <span class='ocrx_word' id='word_1_299' title='bbox 505 2290 545 2324; x_wconf 90' lang='lat' dir='ltr'>et</span> <span class='ocrx_word' id='word_1_300' title='bbox 573 2283 748 2325; x_wconf 89' lang='lat' dir='ltr'>feliciter</span> <span class='ocrx_word' id='word_1_301' title='bbox 769 2289 930 2338; x_wconf 84' lang='lat' dir='ltr'>regnat,</span> <span class='ocrx_word' id='word_1_302' title='bbox 960 2282 1094 2322; x_wconf 82' lang='lat' dir='ltr'>avusd</span> <span class='ocrx_word' id='word_1_303' title='bbox 1114 2307 1170 2312; x_wconf 83' lang='lat'>—-</span> <span class='ocrx_word' id='word_1_304' title='bbox 1189 2280 1491 2323; x_wconf 87' lang='lat' dir='ltr'>Mediolanium</span> <span class='ocrx_word' id='word_1_305' title='bbox 1513 2280 1765 2322; x_wconf 88' lang='lat' dir='ltr'>defensionis</span> 
     </span>
     <span class='ocr_line' id='line_1_45' title="bbox 282 2337 1278 2395; baseline -0.002 -16"><span class='ocrx_word' id='word_1_306' title='bbox 282 2340 419 2395; x_wconf 82' lang='lat' dir='ltr'>gratia</span> <span class='ocrx_word' id='word_1_307' title='bbox 448 2338 612 2393; x_wconf 68' lang='lat' dir='ltr'>dirigit,</span> <span class='ocrx_word' id='word_1_308' title='bbox 642 2346 758 2380; x_wconf 87' lang='lat' dir='ltr'>recta</span> <span class='ocrx_word' id='word_1_309' title='bbox 786 2339 876 2393; x_wconf 88' lang='lat' dir='ltr'>ipse</span> <span class='ocrx_word' id='word_1_310' title='bbox 906 2338 1102 2378; x_wconf 85' lang='lat' dir='ltr'>Ticinum</span> <span class='ocrx_word' id='word_1_311' title='bbox 1132 2337 1278 2378; x_wconf 88' lang='lat' dir='ltr'>tendit.</span> 
     </span>
    </p>

    <p class='ocr_par' dir='ltr' id='par_1_13' title="bbox 285 2390 1825 2504">
     <span class='ocr_line' id='line_1_46' title="bbox 394 2390 1764 2449; baseline -0.003 -14"><span class='ocrx_word' id='word_1_312' title='bbox 394 2394 460 2435; x_wconf 74' lang='lat'>25.</span> <span class='ocrx_word' id='word_1_313' title='bbox 504 2394 633 2435; x_wconf 82' lang='lat' dir='ltr'>Wido</span> <span class='ocrx_word' id='word_1_314' title='bbox 678 2394 858 2449; x_wconf 85' lang='lat' dir='ltr'>denique</span> <span class='ocrx_word' id='word_1_315' title='bbox 902 2392 1026 2433; x_wconf 89' lang='lat' dir='ltr'>huius</span> <span class='ocrx_word' id='word_1_316' title='bbox 1062 2393 1269 2446; x_wconf 90' lang='lat' dir='ltr'>impetum</span> <span class='ocrx_word' id='word_1_317' title='bbox 1312 2391 1447 2432; x_wconf 69' lang='lat' dir='ltr'>ferree</span> <span class='ocrx_word' id='word_1_318' title='bbox 1484 2405 1568 2432; x_wconf 92' lang='lat' dir='ltr'>non</span> <span class='ocrx_word' id='word_1_319' title='bbox 1608 2390 1764 2443; x_wconf 82' lang='lat' dir='ltr'>valens,</span> 
     </span>
     <span class='ocr_line' id='line_1_47' title="bbox 285 2446 1825 2504; baseline -0.004 -13"><span class='ocrx_word' id='word_1_320' title='bbox 285 2449 556 2492; x_wconf 84' lang='lat' dir='ltr'>Camerinum</span> <span class='ocrx_word' id='word_1_321' title='bbox 588 2449 890 2504; x_wconf 83' lang='lat' dir='ltr'>Spoletumque</span> <span class='ocrx_word' id='word_1_322' title='bbox 929 2463 1077 2488; x_wconf 81' lang='lat' dir='ltr'>versus</span> <span class='ocrx_word' id='word_1_323' title='bbox 1116 2447 1285 2501; x_wconf 73' lang='lat' dir='ltr'>fugeres</span> <span class='ocrx_word' id='word_1_324' title='bbox 1325 2447 1448 2501; x_wconf 85' lang='lat' dir='ltr'>cepit.</span> <span class='ocrx_word' id='word_1_325' title='bbox 1508 2447 1646 2498; x_wconf 74' lang='lat' dir='ltr'>Quem</span> <span class='ocrx_word' id='word_1_326' title='bbox 1675 2446 1765 2487; x_wconf 89' lang='lat' dir='ltr'>sine</span> <span class='ocrx_word' id='word_1_327' title='bbox 1822 2484 1825 2485; x_wconf 13' lang='grc' dir='ltr'><em>γ</em></span> 
     </span>
    </p>
   </div>
   <div class='ocr_carea' id='block_1_11' title="bbox 281 2595 1765 2673">
    <p class='ocr_par' dir='ltr' id='par_1_14' title="bbox 281 2595 1765 2673">
     <span class='ocr_line' id='line_1_48' title="bbox 282 2595 1765 2633; baseline -0.002 -8"><span class='ocrx_word' id='word_1_328' title='bbox 282 2600 311 2633; x_wconf 85' lang='lat' dir='ltr'>a)</span> <span class='ocrx_word' id='word_1_329' title='bbox 336 2601 427 2632; x_wconf 81' lang='lat' dir='ltr'>quipe</span> <span class='ocrx_word' id='word_1_330' title='bbox 452 2601 476 2627; x_wconf 85' lang='lat'>1.</span> <span class='ocrx_word' id='word_1_331' title='bbox 576 2599 606 2631; x_wconf 92' lang='lat' dir='ltr'>b)</span> <span class='ocrx_word' id='word_1_332' title='bbox 630 2599 850 2624; x_wconf 75' lang='lat' dir='ltr'>castrametatis</span> <span class='ocrx_word' id='word_1_333' title='bbox 875 2600 898 2623; x_wconf 88' lang='lat'>1.</span> <span class='ocrx_word' id='word_1_334' title='bbox 1000 2597 1025 2629; x_wconf 85' lang='lat' dir='ltr'>c)</span> <span class='ocrx_word' id='word_1_335' title='bbox 1050 2598 1159 2622; x_wconf 85' lang='lat' dir='ltr'>huiuus</span> <span class='ocrx_word' id='word_1_336' title='bbox 1184 2598 1208 2621; x_wconf 89' lang='lat'>1.</span> <span class='ocrx_word' id='word_1_337' title='bbox 1309 2596 1338 2627; x_wconf 85' lang='lat' dir='ltr'>d)</span> <span class='ocrx_word' id='word_1_338' title='bbox 1362 2597 1401 2621; x_wconf 80' lang='lat' dir='ltr'>ita</span> <span class='ocrx_word' id='word_1_339' title='bbox 1427 2597 1452 2623; x_wconf 91' lang='lat'>1.</span> <span class='ocrx_word' id='word_1_340' title='bbox 1487 2597 1512 2621; x_wconf 80' lang='lat'>2.</span> <span class='ocrx_word' id='word_1_341' title='bbox 1595 2596 1622 2628; x_wconf 88' lang='lat' dir='ltr'>e)</span> <span class='ocrx_word' id='word_1_342' title='bbox 1647 2595 1713 2622; x_wconf 81' lang='lat' dir='ltr'>fere</span> <span class='ocrx_word' id='word_1_343' title='bbox 1737 2597 1765 2622; x_wconf 91' lang='grc'>1.</span> 
     </span>
     <span class='ocr_line' id='line_1_49' title="bbox 281 2639 443 2673; baseline 0 -9"><span class='ocrx_word' id='word_1_344' title='bbox 281 2639 305 2673; x_wconf 83' lang='lat' dir='ltr'>f)</span> <span class='ocrx_word' id='word_1_345' title='bbox 326 2639 395 2670; x_wconf 82' lang='lat' dir='ltr'>fuge</span> <span class='ocrx_word' id='word_1_346' title='bbox 418 2640 443 2664; x_wconf 89' lang='lat'>1.</span> 
     </span>
    </p>
   </div>
   <div class='ocr_carea' id='block_1_12' title="bbox 282 2752 1762 2846">
    <p class='ocr_par' dir='ltr' id='par_1_15' title="bbox 282 2752 1762 2846">
     <span class='ocr_line' id='line_1_50' title="bbox 285 2752 1762 2799; baseline -0.004 -10"><span class='ocrx_word' id='word_1_347' title='bbox 285 2756 320 2799; x_wconf 80' lang='lat'>1)</span> <span class='ocrx_word' id='word_1_348' title='bbox 348 2757 401 2789; x_wconf 82' lang='lat' dir='ltr'>Cf.</span> <span class='ocrx_word' id='word_1_349' title='bbox 428 2757 518 2789; x_wconf 90' lang='lat' dir='ltr'>Ann.</span> <span class='ocrx_word' id='word_1_350' title='bbox 545 2755 741 2788; x_wconf 86' lang='lat' dir='ltr'>Fuldenses</span> <span class='ocrx_word' id='word_1_351' title='bbox 768 2765 799 2788; x_wconf 84' lang='lat' dir='ltr'>a.</span> <span class='ocrx_word' id='word_1_352' title='bbox 827 2754 916 2795; x_wconf 78' lang='lat'>8943</span> <span class='ocrx_word' id='word_1_353' title='bbox 950 2755 1059 2788; x_wconf 80' lang='lat' dir='ltr'>Gesta</span> <span class='ocrx_word' id='word_1_354' title='bbox 1085 2755 1293 2796; x_wconf 83' lang='lat' dir='ltr'>Berengarii</span> <span class='ocrx_word' id='word_1_355' title='bbox 1319 2754 1403 2796; x_wconf 84' lang='lat' dir='ltr'>imp.</span> <span class='ocrx_word' id='word_1_356' title='bbox 1430 2753 1498 2793; x_wconf 80' lang='lat' dir='ltr'>III,</span> <span class='ocrx_word' id='word_1_357' title='bbox 1525 2763 1558 2785; x_wconf 78' lang='lat' dir='ltr'>v.</span> <span class='ocrx_word' id='word_1_358' title='bbox 1589 2752 1652 2783; x_wconf 84' lang='lat'>121</span> <span class='ocrx_word' id='word_1_359' title='bbox 1684 2762 1762 2794; x_wconf 90' lang='lat' dir='ltr'>sqq.</span> 
     </span>
     <span class='ocr_line' id='line_1_51' title="bbox 282 2803 647 2846; baseline -0.005 -9"><span class='ocrx_word' id='word_1_360' title='bbox 282 2804 319 2846; x_wconf 80' lang='lat'>2)</span> <span class='ocrx_word' id='word_1_361' title='bbox 348 2805 401 2837; x_wconf 84' lang='lat' dir='ltr'>Of.</span> <span class='ocrx_word' id='word_1_362' title='bbox 429 2806 517 2837; x_wconf 90' lang='lat' dir='ltr'>Ann.</span> <span class='ocrx_word' id='word_1_363' title='bbox 545 2803 647 2836; x_wconf 86' lang='lat' dir='ltr'>Fuld.</span> 
     </span>
    </p>
   </div>
   <div class='ocr_carea' id='block_1_13' title="bbox 1793 0 1853 3209">
    <p class='ocr_par' dir='ltr' id='par_1_16' title="bbox 1793 0 1853 3209">
     <span class='ocr_line' id='line_1_52' title="bbox 1793 0 1853 3209; baseline 0 0"><span class='ocrx_word' id='word_1_364' title='bbox 1793 0 1853 3209; x_wconf 95' lang='lat' dir='ltr'> </span> 
     </span>
    </p>
   </div>
  </div>
 </body>
</html>
