1902 3200
268 205 568 239 LIUDPRANDI
595 201 937 236 ANTAPODOSIS.
991 202 1084 234 LIB.
1111 202 1171 234 1V.
1228 203 1330 234 1-2.
1497 204 1538 234 79

231 317 406 358 victoria.
433 315 520 355 sive
551 313 706 355 bellum
737 326 822 353 non
851 311 1026 352 fortuitu
1066 311 1139 351 sed
1175 310 1252 351 deo
1293 311 1539 366 disponente

232 370 480 427 provenerit.

119 430 184 470 126.
229 428 295 468 De
339 439 389 466 eo
434 424 547 480 quod
590 438 733 478 regem
777 428 960 463 castrum
999 421 1219 461 Brisicaua
1265 420 1538 473 obsidentem,

230 480 402 523 consilio
434 479 638 520 Friderici
667 478 974 533 archicpiscopi
1008 475 1125 517 multi
1157 475 1365 517 deserunt.

119 540 184 580 27.
228 537 294 578 De
323 533 560 576 admirabili
592 534 824 575 constantia
852 539 893 574 et
921 532 1194 586 responsione
1226 532 1335 585 regis
1360 530 1540 572 Ottonis.

119 594 184 635 28.
229 589 611 644 Quemadmodum,
651 589 729 630 dco
766 602 842 644 pro
872 602 971 642 rege
1010 593 1235 642 pugnante,
1278 585 1541 627 Gislebertus

228 654 355 702 atquc
384 644 683 687 Heverardusb
722 644 775 685 ab
805 643 976 684 Hutone
1016 648 1056 683 ct
1086 641 1342 683 Chuonrado
1373 641 1426 681 ad
1457 641 1541 681 An-

228 701 439 744 dernaeha
469 701 550 742 sint
581 700 721 741 occisi.

118 759 183 800 29.
229 757 295 798 De
327 757 473 798 nuntio
504 756 576 811 qui
605 755 754 796 horum
785 761 962 796 mortem
993 754 1082 808 regi
1114 753 1278 794 nuntiat
1308 751 1408 793 dum
1440 751 1541 793 0010-

230 813 335 854 siam
367 818 541 867 peteret.

116 869 182 910 30.
228 869 319 909 Rex
365 868 465 910 Otto
510 867 562 907 (10
607 867 781 906 istorum
820 870 952 905 morte
996 863 1193 906 Bertaldo
1238 863 1543 917 Bagoariorum

229 924 339 976 duci,
373 930 412 964 et
444 921 557 978 quod
589 922 627 963 ei
658 935 842 962 sororem
874 921 961 961 sive
994 921 1147 961 sororis
1179 933 1277 960 suae
1299 918 1424 960 filiam
1448 933 1542 960 con·

228 980 366 1034 iugem
400 978 497 1019 dare
528 977 641 1029 velit,
673 976 901 1018 denuntiat.

118 1036 184 1077 31.
230 1035 296 1076 De
335 1035 370 1074 F
372 1033 548 1074 riderico
594 1031 910 1086 archiepiscopo
956 1031 1028 1086 qui
1073 1031 1156 1070 iam
1202 1030 1361 1070 dudum
1401 1044 1543 1084 regem

228 1089 411 1130 deseruit
440 1095 481 1129 et
509 1088 562 1128 ad
591 1087 847 1128 Metensemc
879 1085 1025 1126 urbem
1054 1092 1100 1126 ut
1120 1092 1397 1139 congregaret
1428 1099 1542 1126 exer-

229 1144 386 1185 citumd
417 1144 504 1195 ivit,
536 1141 607 1183 ubi
639 1142 691 1184 de
721 1148 855 1182 morte
887 1155 1033 1181 eorum
1062 1139 1237 1181 audivit.

116 1200 181 1242 32.
230 1200 293 1241 De
324 1199 472 1241 eodem
503 1198 819 1252 archiepiscopo
851 1203 974 1251 capto
1006 1202 1046 1237 et
1076 1195 1293 1237 custodiae
1323 1195 1488 1236 tradito.

117 1257 182 1298 33.
227 1256 295 1297 De
325 1255 524 1296 Heinrico
556 1254 627 1309 qui
655 1268 679 1293 a
701 1267 841 1294 sorore
864 1250 1122 1308 prohibetur,
1154 1266 1206 1292 110
1227 1252 1269 1292 in
1290 1251 1543 1292 munitiones

229 1317 375 1352 contra
399 1325 543 1365 regem
573 1308 845 1364 ingrediatur.

117 1368 182 1409 34.
228 1366 295 1408 De
340 1365 488 1407 eodem
533 1365 604 1420 qui
647 1365 759 1419 regis
803 1362 1074 1419 postmodum
1120 1362 1173 1403 ad
1214 1361 1543 1404 misericordiam

229 1429 354 1464 ”enm
451 1475 814 1517 EXPLICIUNT
844 1472 1152 1516 CAPITULA.

239 1677 485 1719 *INCIPIT
517 1676 694 1718 LIBER
726 1675 1003 1728 QUARTUS
1034 1674 1362 1716 FELICITER.
1558 1691 1689 1723 ·1‚.31⁶.

176 1771 209 1810 1.
269 1768 485 1810 Hactenus
529 1783 635 1823 quae
680 1767 844 1823 digesta.
888 1774 994 1820 sunt,
1043 1766 1239 1808 sacerdos
1269 1766 1541 1818 sanctissime,

62 1826 170 1866 sicut
198 1840 223 1865 a.
249 1824 523 1879 gravissimiS,
556 1824 628 1879 qui
659 1838 708 1865 ea
738 1824 987 1874 creverant*,
1019 1823 1116 1863 viris
1147 1821 1302 1873 audivi,
1340 1822 1540 1877 exposui,
1558 1826 1607 1872 '.³·
1630 1834 1655 1852 e-

62 1887 273 1922 caeterum
304 1894 411 1935 quae
440 1879 651 1920 narranda
682 1886 790 1932 sunt,
830 1879 887 1920 ita
918 1885 965 1919 ut
996 1879 1068 1934 qui
1097 1876 1368 1930 interfuerim,
1408 1875 1540 1932 expli·
1557 1866 1701 1892 ‘'meran‘'

62 1935 180 1977 cabo.
250 1935 316 1976 Ea
359 1934 568 1991 siquidem
617 1941 864 1990 tempestate
913 1940 1052 1975 tantus
1102 1947 1229 1983 eram,
1280 1933 1393 1988 quod
1432 1933 1542 1987 regis

62 1992 256 2046 Hugonis
285 1992 462 2046 gratiam
494 1989 622 2031 michi
652 1991 767 2031 vocis
797 1989 1018 2031 dulcedine
1039 1987 1328 2044 adquirebam.
1369 1988 1410 2028 Is
1432 1989 1543 2029 enim

62 2047 315 2103 euphoniam
344 2046 468 2088 adeo*
499 2045 712 2101 diligebat,
744 2047 786 2086 in
817 2060 899 2101 qua
930 2060 997 2086 me
1027 2043 1292 2100 coequalium
1315 2056 1588 2099 pue1·orum·÷
1611 2064 1636 2082 e.
1654 2056 1751 2083 vaide.

62 2117 185 2145 nemo
213 2103 381 2144 vincere
414 2107 588 2157 poterat.

174 2159 212 2199 2.
270 2158 404 2213 Igitur
433 2172 509 2198 rex
530 2157 658 2212 Hugo
690 2156 791 2197 dum
822 2157 1061 2212 prosperari
1093 2154 1172 2196 sibi
1203 2162 1353 2197 cuncta
1383 2155 1749 2210 prospi-931·Mai15.

64 2221 186 2267 eeret,
230 2213 362 2254 filium
407 2228 528 2254 suum
572 2213 833 2265 Lotharium,
879 2227 1004 2268 quem
1052 2227 1106 2252 ex
1151 2210 1260 2251 Alda
1296 2224 1429 2252 uxore
1470 2224 1544 2251 sua

63 2276 278 2327 genuerat,
328 2269 491 2310 cunetis
541 2267 863 2320 coniventibus„
893 2276 988 2323 post
1036 2282 1080 2308 se
1125 2281 1269 2322 regem
1313 2266 1540 2308 constituit.

65 2327 160 2379 Quo
205 2325 445 2377 constituto,
497 2323 674 2379 qualiter
718 2324 908 2376 Romam,
955 2339 1008 2364 ex
1053 2337 1136 2377 qua
1176 2323 1354 2377 turpiter
1384 2322 1542 2363 eiectus

63 2382 209 2434 fuerat,
246 2387 386 2436 posset
415 2380 636 2435 adquirere
675 2379 899 2434 cogitabat.
971 2377 1158 2420 Collecta
1188 2379 1330 2433 itaque
1361 2376 1543 2418 multitu-

65 2437 173 2489 dine,
203 2436 486 2492 proficiscitur
515 2436 707 2476 Romam.
774 2434 907 2476 Cuius
945 2448 1204 2490 quamquam
1239 2433 1332 2475 loca
1372 2439 1413 2474 et
1451 2447 1542 2488 pro-

65 2493 226 2534 vincias
258 2491 532 2532 circumcirca
567 2493 717 2533 misere
753 2490 1003 2543 devastaret,
1041 2504 1218 2545 eamque
1254 2490 1390 2545 ipsam
1428 2489 1543 2529 cotti-

66 2548 191 2590 diano
230 2549 391 2603 impetu
426 2548 692 2602 inpugnaret,
733 2545 997 2601 ingrediendi
1040 2554 1181 2587 tamen
1222 2559 1313 2585 eam
1351 2543 1544 2585 effectum

66 2618 149 2645 non
178 2604 316 2659 potuit
345 2602 574 2644 obtinere1.
1561 2613 1721 2642 933-936.

67 2710 96 2744 a)
118 2712 255 2736 briuicau
278 2712 304 2737 2.
385 2709 414 2743 b)
435 2711 605 2736 heueradus
630 2712 653 2736 1.
726 2709 752 2742 e)
775 2710 804 2734 ῖὶε
818 2717 867 2734 ενα
892 2710 966 2735 vocis
984 2710 1079 2741 prima
1104 2710 1148 2733 ria.-
1170 2708 1366 2739 1lsscinquituz·.
1448 2707 1477 2740 d)
1499 2714 1546 2733 ex-

67 2751 162 2776 ercitii
182 2751 256 2775 linea
277 2750 364 2775 deleta
388 2752 413 2776 1.

71 2836 106 2880 l)
133 2838 323 2871 Flodoardi
351 2839 441 2869 Ann.
470 2838 558 2869 933:
586 2837 692 2880 Hugo
720 2847 779 2869 rex
808 2836 934 2868 Italiae
963 2837 1109 2868 Romam
1138 2834 1288 2868 obsidet.
