1902 3200
274 181 572 214 LIUDPRANDI
599 179 941 212 ANTAPODOSIS.
992 180 1084 211 LIB.
1112 181 1172 212 VI.
1228 181 1330 212 1-3.
1470 182 1534 212 119

64 293 238 347 quatiar,
276 293 476 346 iuvatque
514 290 724 330 hominem
759 290 1006 331 exteriorem
1046 290 1185 344 potius
1222 289 1366 343 lugere
1408 306 1533 346 quam

62 348 256 390 scribere.
313 346 490 387 Interior
525 359 623 386 vero
663 344 905 400 apostolicis
945 344 1215 385 confirmatus
1249 346 1460 397 institutis,
1492 348 1534 387 in

61 403 301 444 huiusmodi
338 399 677 442 tribulationibus
717 400 938 456 gloriatur,
983 401 1116 441 sciens
1163 399 1276 454 quod
1320 399 1532 441 tribulatio

60 459 303 514 patientiam
334 462 541 512 operatur,
582 456 785 511 patientia
824 462 965 496 autem
995 454 1299 511 probationem,
1339 456 1532 510 probatio

59 529 158 556 vero
189 527 328 568 spem3
355 526 449 566 spes
479 518 620 552 autem
640 526 723 551 non
745 510 973 563 confundit,
1005 511 1101 566 quia
1123 511 1274 551 caritas
1296 510 1362 551 dei
1384 510 1533 551 diffusa
1547 524 1746 558 R‹)m5‚3-5.

59 576 122 611 est
149 570 193 609 in
222 566 418 609 cordibus
448 567 599 608 nostris
629 582 704 622 per
733 567 926 622 spiritum
964 574 1167 617 sanctum,
1207 566 1279 621 qui
1317 565 1439 606 datus
1472 574 1534 608 est

57 624 191 665 nobis.
249 623 428 664 Paroeat
464 624 605 678 itaque
641 622 828 663 interiori
868 623 1071 674 exterior,
1111 636 1269 677 suaque
1304 621 1534 663 infurtunia

57 693 143 720 non
171 677 305 720 solum
334 693 419 719 non
458 678 691 730 abhorreat,
722 692 869 719 verum
899 677 942 717 in
971 677 1034 718 his
1072 679 1212 733 potius
1243 678 1532 732 conquiescam

57 734 158 775 dum
191 749 243 775 ue
273 734 481 775 scribendi
520 747 691 790 operam
730 733 846 785 dans,
888 732 1080 775 fortunae
1118 740 1210 774 rota
1249 731 1403 774 elevari
1444 731 1530 785 hos,

56 789 146 831 illos
207 790 355 845 eprimi
385 790 549 840 dixerit,
580 794 816 844 presentem
850 788 1237 830 incommoditatem
1276 788 1412 829 minus
1444 803 1533 829 sen-

55 847 142 898 tiet,
183 847 355 902 eiusque
394 844 660 886 mutabilitati
701 844 982 898 congaudens,
1024 845 1250 897 deteriora,
1292 844 1404 899 quod
1443 844 1532 885 fieri

55 902 201 958 nequit
234 902 276 942 ni
315 916 425 942 mors
466 908 539 941 aut
575 901 861 942 membrorum
901 900 1132 942 debilitatio
1170 899 1412 952 intercedat,
1450 900 1532 940 iam

54 971 138 998 non
168 964 339 1009 metuat,
370 957 444 998 sed
472 956 683 997 fortunata
712 971 877 1011 semper
916 962 1123 1011 expectet.
1181 956 1385 997 Instantia
1422 956 1531 997 enim

56 1014 91 1053 si
121 1013 356 1063 mutaverit,
388 1012 563 1053 salutem
596 1027 702 1067 quae
733 1011 851 1052 deest
879 1011 1049 1063 adferet,
1086 1012 1387 1052 infortunatum
1419 1011 1532 1067 quod

54 1068 173 1109 adest
203 1067 395 1122 expellet.
450 1066 618 1108 Scribat
647 1068 800 1122 itaque,
833 1073 874 1107 et
894 1066 1181 1123 superioribus
1203 1081 1301 1107 vera
1324 1066 1400 1107 hec
1425 1081 1531 1121 quae

52 1130 251 1166 secuntur
276 1123 490 1177 adiungat.

164 1191 202 1230 ⁶2.
261 1190 377 1245 Rege
398 1190 580 1245 Hugone
599 1190 842 1231 Provintiae
872 1191 913 1230 in
934 1190 1124 1245 partibus
1146 1189 1354 1240 defuncto,
1379 1190 1531 1231 Beren-
1550 1194 1601 1227 <1-)

52 1247 159 1301 garii
189 1260 343 1287 nomen
373 1244 537 1298 celebre
567 1245 682 1301 apud
711 1245 944 1298 nonnullas,
974 1246 1194 1301 presertim
1225 1245 1339 1300 apud
1369 1244 1529 1286 Greeas
1549 1234 1711 1260 ⁹4⁷—950'

53 1303 191 1343 extitit
218 1303 420 1343 nationes.
479 1302 520 1342 Is
551 1301 661 1342 enim
691 1300 848 1342 Italicis
880 1301 1073 1343 omnibus
1103 1301 1421 1357 principabatur
1450 1302 1529 1342 vir-

51 1363 153 1410 tute,
183 1372 261 1398 rex
289 1372 390 1398 vero
420 1357 644 1398 Lotharius
676 1356 762 1398 solo
793 1358 1002 1398 nomine1.
1049 1356 1347 1398 Constantinus
1378 1357 1529 1412 itaque,

52 1414 137 1469 qui,
169 1413 341 1455 deiectis
362 1413 552 1453 Romans)
583 1412 761 1468 filiisque
783 1414 883 1466 suis,
915 1411 1337 1467 Constantimtpoleos
1357 1413 1532 1467 regebat

50 1470 288 1525 imperium,
329 1468 491 1521 audito,
533 1469 835 1523 Berengarium
874 1469 1061 1523 potentia
1097 1475 1281 1524 prestare
1320 1468 1530 1521 Lothario,

47 1540 126 1580 *per
155 1524 370 1565 Andream
408 1524 618 1579 quendam
659 1525 731 1580 qui
761 1524 812 1565 ab
852 1524 991 1565 officio
1032 1525 1187 1565 comisa
1227 1525 1382 1565 curtis2
1422 1524 1530 1565 dice-

49 1581 200 1633 batur,
246 1580 385 1622 literas
430 1580 685 1634 Berengario
731 1580 897 1635 dirigit,
942 1581 986 1620 in
1030 1578 1181 1636 Quibus
1227 1578 1529 1631 continebatur,

48 1635 317 1678 vehementer
347 1651 389 1677 se
419 1636 665 1691 Berengarii
695 1637 887 1677 nuntium
918 1635 1024 1677 velle
1053 1635 1218 1688 videre,
1251 1636 1369 1676 cuius
1400 1636 1442 1676 in
1468 1650 1529 1676 re-

47 1691 140 1733 ditu
183 1699 478 1747 cognosceret,
524 1698 678 1746 quanta
723 1706 818 1733 eum
861 1692 1031 1734 caritate
1076 1690 1278 1745 diligeret.
1352 1691 1531 1747 Scripsit

48 1748 174 1788 etiam
207 1756 248 1789 et
267 1747 635 1788 commendaticias
652 1748 793 1788 ‘eidem
814 1761 888 1801 pro
910 1747 1108 1788 Lothario
1129 1746 1300 1799 litteras,
1332 1754 1376 1788 ut
1397 1746 1530 1788 fidelis

48 1804 87 1845 ei
118 1809 229 1845 esset
257 1803 581 1855 administrator,
613 1803 681 1844 eui
712 1803 789 1844 deo
820 1803 1022 1858 largiente
1044 1803 1241 1844 extiterat
1261 1801 1529 1855 gubernator.

50 1858 351 1900 Constantinus
400 1873 580 1914 namque
630 1857 952 1900 sollicitudinem
995 1873 1080 1899 non
1123 1873 1299 1914 parvam
1343 1858 1531 1899 Lotharii

48 1929 125 1971 pro
156 1914 287 1956 salute
318 1913 511 1967 habebat,
543 1914 738 1969 religiose
767 1914 819 1956 ob
842 1929 1030 1956 amorem
1051 1929 1180 1955 nurus
1203 1929 1303 1955 suae
1327 1914 1527 1970 cogitans,
1563 1930 1567 1933 “

48 1986 157 2027 quae
187 1970 377 2012 Lotharii
405 1985 522 2012 soror
552 1971 785 2012 extiterat3.

159 2039 197 2080 3.
255 2038 534 2093 Berengarius
564 2039 721 2093 itaque,
754 2037 976 2079 calliditate
1008 2052 1091 2093 qua
1121 2043 1209 2079 erat
1230 2038 1525 2079 suffarcinatus

46 2095 250 2149 cogitans,
296 2109 421 2150 quem
464 2094 731 2149 potissimum
777 2094 969 2145 mitteret,
1016 2094 1084 2133 cui
1129 2092 1187 2134 nil
1230 2095 1428 2149 inpensae
1474 2094 1526 2135 ob

48 2151 208 2192 itineris
231 2151 577 2205 longinquitatem
598 2150 803 2205 preberet,
834 2150 1042 2201 vitricum,
1065 2149 1184 2190 cuius
1206 2156 1305 2191 tune
1328 2149 1404 2190 sub
1428 2164 1527 2190 cura

48 2206 268 2261 degebam,
306 2207 500 2247 veniens:
543 2206 714 2257 ‘Quanti
754 2204 878 2257 mihi',
916 2206 1070 2260 inquit,
1111 2209 1244 2257 ‘esset,
1284 2206 1527 2262 privignum

46 2269 165 2303 tuum
197 2261 355 2303 Grecas
384 2261 523 2303 literas
554 2276 638 2302 non
668 2261 900 2315 ignorare'?
959 2261 1039 2303 Cui
1071 2276 1167 2302 cum
1198 2261 1374 2302 diceret:
1425 2261 1525 2302 ‘Utb

47 2318 292 2359 divitiarum
337 2332 524 2358 mearum
565 2332 613 2358 ea
657 2318 791 2372 gratia
834 2323 996 2372 partem
1034 2317 1216 2358 mediam
1261 2317 1525 2358 distributam

47 2373 268 2415 haberem!
327 2373 421 2414 Non
451 2374 646 2425 necesse’,
684 2373 752 2425 ait,
789 2372 944 2425 ‘habes,
984 2388 1120 2428 neque
1152 2375 1422 2414 centesimam
1451 2373 1524 2413 im-

47 2430 206 2486 pertiri.
247 2428 733 2484 Constantinopolitanus
763 2430 991 2484 imperator
1020 2428 1165 2470 litteris
1196 2437 1297 2477 orat,
1318 2436 1364 2469 ut
1384 2443 1524 2469 meum

46 2486 102 2527 ad
132 2501 175 2528 se
204 2486 397 2527 nuntium
438 2485 628 2539 dirigam.
689 2485 815 2537 Quod
856 2500 952 2526 eum
993 2485 1045 2527 ob
1082 2485 1210 2525 animi
1248 2486 1523 2526 constantiam

49 2593 78 2626 a)
101 2601 162 2619 una
183 2602 251 2626 pars
273 2596 364 2626 salossa
392 2597 414 2620 l.
445 2594 609 2625 siffneficous
630 2594 758 2624 soz-(asse
782 2600 868 2617 rocem
893 2594 985 2618 comis
1006 2594 1131 2624 prm-ime
1154 2596 1279 2625 sequena
1300 2594 1523 2625 ‹vanizznzyerzzlczm

48 2641 114 2663 esse,
136 2634 201 2658 (lum
223 2635 252 2658 in
273 2635 361 2659 codice
383 2634 493 2658 duabus
514 2634 595 2658 lineis
616 2633 868 2658 JmhentmAEomts
891 2639 952 2657 nna
975 2640 1043 2664 pars
1067 2633 1158 2657 curtis
1181 2634 1208 2658 2.
1291 2634 1320 2665 l»)
1343 2626 1376 2658 uf
1399 2635 1422 2656 1.

52 2719 88 2763 1)
114 2722 301 2755 Lotharius
328 2724 364 2754 in
391 2722 518 2754 chartis
546 2722 616 2753 suis
644 2721 895 2762 Berengarium
924 2731 1094 2752 summum
1122 2721 1220 2761 regni
1248 2721 1355 2753 nostri
1383 2720 1522 2753 consili-

49 2771 161 2802 arium
188 2771 243 2802 vel
272 2776 466 2803 consortem
492 2774 608 2803 vocat.
701 2768 738 2800 2³
758 2765 866 2812 κόμης
885 2767 945 2810 τῆς
964 2765 1098 2813 κόρτης.
1128 2769 1326 2811 praefectus
1344 2770 1520 2812 praetorio

49 2818 89 2862 3)
118 2820 223 2852 Berta
248 2820 305 2852 vel
332 2819 503 2859 Eudocia,
532 2829 621 2861 quae
649 2829 739 2850 anuo
768 2818 835 2849 949
864 2817 961 2849 obiit.
