1853 3209
132 321 185 348 933

122 1598 197 1629 (io.)

137 1635 206 1661 900.

138 1674 201 1700 Oct.

76 2271 85 2281 ⁸
98 2280 125 2303 p.
139 2271 202 2297 295.

213 201 257 231 40
406 198 706 231 LIUDPRANDI
733 197 1072 244 ANTAPODOSIS.
1123 198 1215 230 LIB.
1243 198 1291 230 ΙΙ.
1342 196 1497 229 31—34.

191 310 412 366 .quatinus
451 324 537 350 non
576 310 692 363 prius
722 308 843 350 vobis
872 308 1066 349 ‘secundo
1104 309 1350 362 sagittarum
1385 308 1548 362 possint
1581 307 1688 347 ictus

213 366 414 417 emittere,
452 365 593 420 quoad
635 371 869 405 vestrorum
919 362 998 403 sibi
1042 377 1254 404 armorum
1299 364 1478 404 sentiant
1516 361 1692 403 vulnera

212 420 479 477 pervenisse'.
540 420 730 461 Saxones
759 419 890 472 igitur
919 418 1215 459 admonitionis
1248 419 1370 459 huius
1393 417 1691 459 saluberrima-e

212 491 297 517 non
334 477 600 527 inmemores,
646 474 837 515 ordinata
875 473 1107 528 aequaliter
1146 475 1234 529 acie
1273 480 1458 526 currunt,
1498 488 1577 514 nec
1616 478 1691 524 est,

214 533 286 587 qui
315 530 513 572 velociori
542 530 769 571 tardiorem
798 536 984 570 transeat
1013 543 1140 584 equo,
1176 545 1322 570 verum
1353 529 1509 584 clipeis,
1540 536 1587 569 ut
1615 541 1692 568 rex

213 589 390 639 dixerat,
421 585 666 627 altrinsecus
704 585 903 639 cooperti,
944 585 1194 638 sagittarum
1233 600 1360 640 super
1399 585 1553 640 clipeos
1590 582 1693 624 reei-

213 644 336 699 piunt
364 643 472 683 ictus
503 642 726 693 innocuos,
768 640 932 692 deinde,
963 647 1009 680 ut
1037 639 1102 680 vir
1130 639 1482 694 prudentissimus
1514 640 1691 691 dixerat,

214 713 341 753 super
370 697 446 738 hos
477 712 602 738 cursu
630 697 793 751 prepeti
829 696 1015 747 veniunt,
1054 695 1161 744 adeo
1200 702 1246 736 ut
1284 709 1430 736 eorum
1459 696 1577 750 prius
1605 695 1696 735 vita

215 768 311 794 cum
341 753 502 807 gemitu
531 752 706 806 fugeret,
739 765 866 807 quam
897 750 1081 791 secundo
1110 750 1345 791 iaculorum
1365 751 1540 791 fulmina
1559 751 1694 791 mitte-

213 816 372 850 rentur.
430 809 584 862 Fitque
615 806 747 856 divini
776 807 962 847 muneris
991 807 1159 861 pietate,
1196 812 1243 846 ut
1272 806 1414 861 potius
1443 806 1519 847 hos
1550 806 1695 861 Fugere

244 878 343 904 uam
383 862 551 918 preliari
587 863 715 903 iuvet.
782 861 920 903 Velox
961 869 1060 902 tunc
1098 862 1264 916 sonipes
1302 862 1424 916 piger
1461 862 1692 916 queritur13

214 879 439 960 falerarum
469 925 661 973 preterea
690 918 815 959 decor
844 931 1142 973 armorumque
1183 918 1315 958 honor
1352 932 1435 958 non
1465 916 1695 971 Hungariis

214 974 382 1027 tutelae,
414 974 487 1015 sed
516 973 663 1014 honeri
694 981 823 1015 erant.
873 972 1064 1014 Abiectis
1095 974 1253 1029 quippe
1285 973 1480 1026 arcubus,
1512 971 1695 1013 dimissis

215 1029 399 1086 spiculis,
428 1029 628 1071 faleribus
659 1030 798 1082 etiam,
830 1043 912 1085 quo
945 1028 1185 1084 expeditius
1217 1029 1314 1083 equi
1346 1035 1572 1080 currerent,
1602 1041 1697 1082 pro-

214 1086 344 1138 iectis,
376 1086 501 1140 fugae
531 1085 792 1126 solummodo
824 1099 995 1140 operam
1027 1084 1196 1125 dabant.
1241 1085 1401 1125 Verum
1433 1084 1696 1138 omnipotens

216 1140 333 1193 deus,
379 1142 451 1196 qui
495 1140 713 1195 pugnandi
757 1141 816 1181 eis
860 1141 1075 1181 audatiam
1118 1140 1281 1193 tulerat,
1335 1140 1527 1195 fugiendi
1571 1139 1697 1180 etiam

216 1197 381 1251 copiam
412 1197 579 1237 omnino
610 1195 805 1250 negabat.
866 1196 1009 1237 Caesis
1038 1197 1168 1250 igitur
1188 1196 1428 1251 fugatisque
1449 1194 1697 1249 Hungariis,

215 1253 406 1293 inmensa
437 1252 701 1306 captivorum
731 1251 855 1292 turba
886 1251 1139 1303 dissolvitur,
1180 1260 1306 1307 atque
1344 1252 1387 1291 in
1416 1250 1573 1292 letitiae
1604 1264 1697 1290 can-

215 1314 307 1348 tum
334 1321 419 1348 vox
458 1308 640 1362 gemitus
669 1314 945 1362 permutatur.
1013 1307 1142 1347 Hunc
1170 1322 1269 1348 vero
1310 1306 1570 1361 triumphum
1609 1313 1697 1347 tam

215 1362 339 1404 laude
372 1377 498 1417 quam
529 1363 732 1404 memoria
762 1363 950 1417 dignum,
981 1363 1035 1403 ad
1055 1363 1305 1417 Meresburg
1328 1378 1405 1403 rex
1426 1363 1469 1402 in
1490 1361 1698 1417 superiori

218 1418 418 1460 cenaculo
450 1419 600 1459 domus
631 1433 707 1472 per
737 1423 1000 1474 ζογραφεῐαν,
1032 1418 1257 1473 zografian,
1293 1417 1338 1458 id
1378 1425 1440 1458 est
1476 1418 1697 1472 picturam,

215 1481 361 1515 notare
390 1475 591 1529 precepit,
621 1473 726 1514 adeo
747 1482 793 1515 ut
812 1488 900 1514 rem
921 1488 1064 1515 veram
1086 1475 1225 1529 potius
1256 1487 1383 1528 quam
1404 1473 1493 1514 veri
1522 1471 1700 1513 similem

214 1529 358 1570 videas
371 1536 397 1569 2.

329 1585 395 1626 32.
439 1584 557 1625 Dum
594 1584 671 1625 hec
709 1592 905 1639 aguntur,
952 1584 1169 1627 Italienses
1207 1599 1341 1639 poene
1382 1598 1525 1625 omnes
1568 1582 1699 1624 Hulo-

219 1640 388 1681 doicum
419 1640 629 1696 quendam
641 1646 668 1692 ³,
700 1639 1052 1696 Burgundionum
1077 1641 1280 1695 sanguine
1309 1640 1511 1694 genitum,
1542 1639 1700 1680 nuntiis

218 1696 385 1737 directis
424 1697 614 1748 invitant,
653 1702 700 1736 ut
745 1710 814 1737 eos
854 1696 1050 1738 adveniat
1063 1697 1093 1750 b,
1137 1710 1402 1751 regnumque
1442 1695 1700 1749 Berengario

218 1751 381 1793 auferat
411 1752 575 1807 sibique
610 1751 808 1792 obtineat.

331 1808 396 1848 33.
440 1807 580 1847 Huius
615 1821 715 1848 vero
759 1814 845 1848 tam
882 1808 1017 1863 turpis
1055 1807 1221 1849 sceleris
1259 1814 1406 1848 auctor
1445 1804 1700 1847 Adelbertus

218 1863 456 1918 Eporegiae
487 1862 668 1904 civitatis
699 1862 886 1903 marchio
918 1871 1043 1915 erat⁴,
1082 1864 1151 1904 eui
1190 1870 1231 1904 et
1267 1863 1378 1904 idem
1416 1862 1700 1916 Berengarius

218 1918 348 1959 filiam
382 1933 514 1971 suam,
545 1918 715 1959 nomine
739 1917 915 1970 Gislam,
948 1920 1143 1974 coniugio
1176 1918 1437 1974 copularat⁰3
1469 1932 1522 1958 ex
1554 1932 1638 1972 qua
1658 1924 1700 1959 et

218 1974 351 2014 filium
391 1982 607 2028 genuerat,
646 1974 714 2014 cui
751 1974 818 2014 avi
856 1975 920 2014 sui
955 1974 1210 2016 vocabulum
1251 1974 1436 2015 dederat.
1501 1973 1587 2014 Iste
1625 1979 1700 2026 est,

217 2030 405 2085 inquam,
444 2030 522 2070 iste
559 2029 843 2083 Berengarius
878 2029 960 2083 ille,
1003 2031 1121 2071 cuius
1161 2030 1428 2070 inmensitate
1465 2028 1701 2084 tyrannidis

217 2093 306 2127 tota
340 2100 453 2126 nunc
482 2083 598 2139 luget
626 2084 760 2137 Italia,
807 2085 1011 2141 cuiusque
1053 2086 1259 2126 lenocinio
1297 2099 1321 2125 a
1362 2084 1702 2139 quibuscumque

217 2140 415 2195 gentibus
451 2141 714 2196 perhimitur,
754 2155 838 2180 non
874 2141 1044 2183 iuvatur
1058 2149 1085 2182 ⁵.
1146 2141 1231 2183 Sed
1270 2148 1317 2182 ut
1357 2140 1411 2181 ad
1440 2155 1529 2181 rem
1557 2139 1703 2182 redea-

218 2211 324 2249 mus,
356 2197 455 2237 satis
485 2211 598 2237 nunc
628 2196 785 2237 dixisse
816 2196 1003 2238 suffitiat.

331 2255 345 2268 *
364 2253 431 2293 34.
475 2252 673 2293 Preterea
702 2251 814 2293 idem
836 2251 1104 2304 Adelbertus,
1142 2252 1255 2307 quod
1274 2252 1396 2293 bonis
1419 2249 1613 2292 omnibus
1635 2264 1703 2291 ca-

218 2307 404 2349 vendum
449 2314 529 2359 est,
575 2308 822 2362 nequissimi
866 2309 995 2349 moris
1013 2315 1028 2334 ³
1057 2308 1147 2349 fuit.
1215 2307 1324 2348 Nam
1370 2307 1471 2347 dum
1514 2306 1701 2347 fervente

218 2390 246 2422 a)
271 2391 422 2416 adueniad
444 2398 517 2416 corr.
542 2391 687 2416 adueniat
711 2393 736 2416 1.
867 2392 897 2424 b)
922 2393 1087 2423 coniungio
1110 2392 1269 2424 cupularat
1294 2392 1318 2416 1.
1441 2389 1466 2421 c)
1492 2408 1509 2415 ..
1527 2390 1703 2415 .simili0ris

217 2430 273 2455 fuit
297 2431 321 2454 2.
345 2437 383 2455 ne
406 2431 472 2461 quis
496 2431 589 2455 simili
612 2430 671 2455 oris
694 2430 749 2454 fuit
764 2430 789 2457 5.
811 2432 992 2462 nequissimi
1011 2432 1117 2456 livoris
1132 2431 1186 2456 fuit
1201 2431 1245 2455 5a.
1270 2431 1299 2455 in
1322 2430 1380 2454 loco
1402 2436 1487 2460 raso;
1508 2435 1704 2460 nequaquam

218 2471 264 2494 sui
286 2470 393 2494 similis
415 2470 470 2493 suit
493 2468 558 2495 5a·.

222 2532 257 2574 1)
284 2534 308 2564 i.
338 2543 368 2565 e.
396 2537 560 2573 vocatur3
599 2534 656 2575 qui
683 2533 799 2565 veloci
828 2544 917 2576 equo
944 2534 1120 2574 utebatur,
1150 2534 1193 2566 de
1222 2544 1262 2566 eo
1291 2533 1391 2575 quasi
1417 2533 1518 2575 pigro
1547 2541 1703 2574 conque-

218 2582 323 2622 ritur3
359 2585 481 2614 auctor
517 2580 694 2624 ‘queritur'
733 2583 871 2624 passive
907 2587 1062 2625 usurpat.
1166 2580 1204 2623 2)
1231 2581 1336 2614 Haud
1368 2582 1497 2613 iniuste
1533 2581 1702 2612 coniicias

219 2631 441 2672 peregrinum
467 2631 605 2672 pictura
631 2630 693 2662 illa
720 2631 824 2662 facile
852 2633 887 2663 in
913 2631 1020 2663 talem
1044 2642 1194 2663 errorem
1213 2630 1333 2662 induci
1360 2630 1527 2672 potuisse,
1551 2632 1587 2661 ut
1605 2629 1700 2660 Mar-

218 2679 415 2721 tisburgum
432 2680 535 2711 etiam
556 2679 681 2721 proelii
698 2679 814 2712 locum
830 2680 936 2712 fuisse
957 2681 1219 2713 existimaverit.
1298 2678 1335 2721 3)
1353 2678 1483 2710 Filium
1499 2678 1648 2710 Bosonis
1668 2678 1702 2709 et

219 2727 464 2768 Irmingardae
476 2727 677 2760 Hludowici
691 2729 738 2760 II.
750 2729 969 2771 imperatoris
981 2728 1086 2769 filiae,
1096 2727 1322 2771 Burgundiae
1333 2737 1452 2769 regem
1462 2723 1700 2768 (890—928).

219 2774 256 2806 4]
283 2775 395 2807 Filius
426 2776 603 2816 Anscarii,
641 2778 697 2808 cui
733 2788 760 2809 c.
788 2777 856 2809 899
886 2778 1074 2818 successit,
1103 2777 1146 2809 cf.
1174 2787 1204 2809 0.
1232 2777 1294 2817 56,
1329 2776 1360 2808 V
1388 2786 1417 2807 c.
1446 2776 1479 2806 4.
1581 2775 1616 2815 5)
1645 2773 1703 2806 Of.

219 2823 312 2855 Hist.
340 2824 412 2856 Ott.
442 2825 472 2863 1,
499 2825 578 2857 Ant.
608 2825 663 2857 ΙΙΙ
693 2836 721 2857 c.
753 2827 783 2858 1.
