1878 3201
200 400 267 426 963.

142 572 215 598 Dec.
240 572 266 599 6.

201 678 265 703 964.

152 1292 220 1317 Ian.
243 1291 268 1318 3.

286 279 352 309 134
541 278 840 310 LIUDPRANDI
868 278 1096 311 HISTORIA
1124 278 1340 311 OTTONIS.
1398 277 1550 312 16-19.

282 393 486 444 peratore,
516 389 777 430 nominatum
796 388 981 429 Leonem
1011 387 1065 428 ad
1085 388 1366 430 Lateranense
1385 387 1589 444 palatium
1610 404 1753 431 secun-

284 443 385 485 dum
417 444 761 486 consuetudinem
792 458 886 483 cum
922 443 1116 484 laudibus
1146 443 1316 495 ducunt,
1355 450 1396 485 et
1424 451 1535 485 certo
1566 451 1754 500 tempore

282 501 326 540 in
356 499 508 541 eclesia
538 500 669 541 sancti
698 499 813 540 Petri
842 498 897 538 ad
927 513 1140 539 summum
1176 499 1455 540 sacerdotium
1485 506 1629 541 sancta
1659 515 1754 542 con-

282 557 514 597 secratione
544 554 749 603 attollunt,
789 560 829 595 et
866 553 1009 594 fideles
1047 554 1086 595 ei
1114 553 1333 595 adfuturos
1363 556 1630 597 iureiurando
1660 570 1754 611 pro-

281 611 463 652 mittunt.

397 668 460 707 16.
506 666 585 706 His
616 666 673 705 ita
702 665 844 719 gestis,
876 677 1048 718 sperans
1079 665 1362 705 sanctissimus
1392 666 1630 720 imperator,
1662 681 1756 707 cum

282 723 430 776 paucis
460 721 619 762 Romae
658 735 701 761 se
741 720 893 774 degere
929 734 1066 774 posse,
1106 734 1158 760 ne
1194 728 1507 761 consumeretur
1541 722 1755 763 Romanus

283 776 467 832 populus
497 775 549 816 ob
576 775 886 816 multitudinem
907 776 1129 828 exercitus,
1159 774 1313 827 multis,
1343 782 1389 816 ut
1407 776 1602 830 redirent,
1632 777 1757 820 licen-

281 833 385 873 tiam
430 831 557 873 dedit.
631 831 825 886 Cumque
863 830 943 871 hoc
982 830 1202 883 Iohannes,
1248 831 1319 886 qui
1359 830 1494 872 dictus
1533 838 1596 873 est
1633 847 1758 888 papa,

284 893 570 942 cognosceret,
600 901 685 927 non
714 887 925 941 ignorans,
966 900 1093 941 quam
1131 885 1253 927 facile
1283 887 1567 928 Romanorum
1597 895 1758 930 mentes

315 943 465 984 ecunia
507 949 649 998 posset
692 956 974 997 corrumpere,
1024 941 1130 982 clam
1179 942 1356 983 Romam
1404 943 1531 984 mittit
1577 944 1757 997 nuntios,

282 958 398 1040 iieati
416 999 533 1040 Petri
564 998 835 1053 omniumque
865 997 1112 1038 eclesiarum
1141 998 1363 1052 pecuniam
1388 999 1694 1054 repromittens,
1725 1000 1761 1040 si

284 1068 410 1109 super
426 1055 546 1110 pium
560 1055 857 1109 imperatorem
873 1059 914 1094 et
930 1053 1131 1094 domnum
1147 1053 1333 1095 Leonem
1353 1069 1508 1109 papam
1522 1054 1761 1107 irruerenta,

283 1124 440 1165 eosque
470 1110 718 1165 impiissime
748 1108 1018 1151 trucidarent.
1077 1109 1193 1161 Quid
1212 1108 1356 1150 multis
1385 1109 1551 1151 morer?
1581 1110 1760 1151 Romani

285 1180 412 1221 quam
441 1180 542 1207 mox
572 1167 781 1207 exercitus
811 1165 1023 1221 paucitate
1062 1164 1210 1206 confisi
1239 1167 1367 1206 immo
1405 1165 1583 1221 decepti,
1621 1172 1662 1207 et
1689 1181 1760 1221 pe-

285 1222 434 1262 cuniae
472 1222 749 1277 promissione
789 1221 976 1273 animati,
1016 1219 1171 1261 bucina
1207 1228 1486 1277 concrepante
1523 1236 1650 1276 super
1685 1222 1761 1261 im-

283 1284 533 1332 peratorem,
564 1284 611 1318 ut
640 1292 735 1318 eum
767 1276 974 1328 occidant,
1005 1276 1200 1318 festinare
1231 1276 1530 1318 contenduntl.
1596 1277 1762 1329 Quibus

282 1335 511 1388 imperator
554 1347 682 1387 supra
725 1339 898 1387 pontem
941 1332 1133 1386 Tyberis,
1179 1347 1304 1388 quem
1340 1333 1521 1373 Romani
1564 1331 1762 1388 plaustris

284 1387 535 1443 impeditum
566 1387 790 1440 habebant,
823 1388 1017 1428 occurrit.
1088 1387 1220 1428 Cuius
1257 1388 1384 1429 fortes
1421 1387 1585 1441 milites,
1624 1403 1763 1430 assue-

283 1444 383 1485 facti
411 1442 533 1496 bello,
572 1444 774 1498 pectorab
817 1450 857 1484 et
885 1443 1011 1483 armis
1042 1443 1253 1499 intrepidi,
1292 1458 1362 1484 eos
1393 1443 1500 1485 inter
1527 1442 1763 1498 prosiliunt,

284 1506 326 1541 et
357 1500 477 1554 quasi
507 1500 728 1554 accipitres
758 1500 901 1539 avium
932 1498 1256 1551 multitudinem,
1286 1497 1400 1539 nullo
1430 1499 1649 1540 resistente
1670 1513 1762 1553 per-

284 1560 480 1597 terrente.
538 1555 635 1596 Non
662 1553 850 1606 latibula,
880 1569 965 1595 non
995 1554 1155 1606 corbes,
1185 1569 1269 1595 non
1302 1568 1489 1596 concava
1517 1553 1644 1609 ligna,
1674 1569 1759 1595 non

286 1611 444 1666 criptae
485 1611 673 1651 sordium
712 1609 977 1665 receptacula
990 1617 1017 1662 ²,
1059 1609 1317 1664 fugientibus
1353 1609 1506 1652 tutelae
1542 1625 1635 1651 esse
1670 1625 1763 1665 pos-

286 1674 395 1707 sunt.
456 1665 721 1707 Occiduntur
760 1667 916 1721 itaque,
959 1671 999 1707 et
1035 1672 1082 1706 ut
1116 1665 1294 1707 fortibus
1331 1664 1485 1707 assolet
1523 1666 1764 1720 contingere

285 1723 399 1773 viris,
439 1723 597 1777 passim
627 1737 651 1763 a
691 1730 808 1776 tergo
846 1722 1132 1763 vulnerantur.
1193 1722 1298 1773 Quis
1337 1729 1439 1763 tunc
1477 1722 1765 1762 Romanorum

286 1777 419 1819 cladis
447 1778 572 1819 huius
603 1785 814 1833 superstes
844 1777 973 1830 fieret,
1009 1778 1043 1818 si
1071 1792 1155 1818 non
1185 1778 1413 1833 imperator
1442 1784 1611 1819 sanctus
1641 1777 1762 1819 mise-

286 1833 479 1887 ricordia,
526 1848 634 1889 quae
673 1834 733 1875 eis
769 1832 884 1874 nulla
923 1832 1166 1885 debebatur,
1210 1832 1447 1885 inclinatus,
1492 1847 1588 1874 suos
1626 1832 1764 1874 adhuc

287 1889 521 1931 interficere
552 1889 777 1930 sicientesd
806 1888 1047 1942 retraheret,
1078 1889 1322 1930 revocaret?

402 1946 464 1986 17.
494 1945 643 2000 Itaque
665 1945 840 1986 devictis
862 1943 1069 1996 omnibus,
1091 1951 1218 1999 atque
1238 1943 1315 1985 abe
1338 1944 1402 1984 his
1425 1945 1495 2000 qui
1518 1951 1765 2000 supererant

288 2000 505 2042 obsidibus
534 2002 727 2056 acceptis,
757 1999 1008 2041 venerabilis
1036 2015 1148 2055 papa
1175 2000 1262 2041 Leo
1293 1999 1472 2055 pedibus
1502 2000 1766 2055 imperatoris

287 2055 549 2111 provolutus,
589 2065 690 2109 orat,
732 2064 777 2096 ut
815 2057 1013 2096 Romanis
1054 2055 1220 2097 obsides
1257 2055 1416 2108 reddat,
1453 2070 1582 2110 seque
1619 2070 1763 2096 eorum

287 2112 386 2153 fidei
417 2112 691 2153 commendet.
750 2112 917 2167 Rogatu
953 2110 1135 2166 denique
1165 2110 1415 2152 venerabilis
1444 2125 1580 2165 papae
1610 2111 1763 2153 Leonis

287 2169 517 2223 imperator
547 2174 714 2209 sanctus
744 2168 946 2208 Romanis
977 2166 1143 2208 obsides
1163 2167 1312 2219 reddit,
1343 2181 1427 2207 non
1446 2168 1631 2208 incertus
1652 2167 1765 2222 quod

288 2230 590 2278 prosecuturus
622 2238 714 2264 sum
745 2224 997 2278 incepturos.
1054 2223 1189 2278 Igitur
1216 2223 1503 2263 Romanorum
1533 2222 1630 2264 fidei
1666 2238 1765 2264 eun-

289 2279 385 2320 dem
416 2294 585 2334 papam,
623 2278 981 2335 quemadmodum
1018 2278 1126 2334 lupis
1166 2293 1336 2333 agnum,
1375 2278 1595 2319 commisit.
1652 2278 1765 2320 Dein

289 2335 425 2376 Roma
454 2336 610 2387 exiens,
649 2334 962 2376 Cammerinum
1004 2333 1306 2391 Spoletumque
1335 2348 1496 2387 versus,
1536 2334 1611 2375 ubi
1639 2333 1764 2375 Adel-

288 2391 455 2433 bertum
486 2405 576 2432 esse
606 2391 808 2441 audierat,
838 2391 1081 2445 properavit
1094 2397 1122 2430 ³.

404 2446 467 2486 18.
513 2447 677 2488 Interea
712 2446 920 2498 mulieres,
961 2446 1212 2501 quibuscum
1252 2445 1473 2497 Iohannes,
1515 2445 1587 2500 qui
1626 2444 1762 2486 dictus

290 2509 353 2543 est
383 2516 506 2557 papa.
538 2501 765 2558 voluptatis
797 2516 896 2542 suae
926 2501 1156 2542 ludibrium
1187 2502 1421 2553 exercebat,
1458 2508 1505 2542 ut
1534 2515 1617 2543 non
1646 2501 1763 2556 igno-

289 2557 395 2599 biles
417 2565 457 2599 et
478 2557 632 2613 plures,
663 2558 974 2598 concitaverunt
1003 2557 1226 2610 Romanos,
1258 2564 1305 2598 ut
1324 2557 1520 2610 Leonem,
1552 2571 1763 2597 summum

291 2654 319 2684 a)
343 2656 459 2679 irruent
483 2656 507 2680 1.
569 2654 597 2685 l»)
622 2657 744 2685 pectore
765 2653 837 2679 coni.
855 2653 1011 2678 Watrericlz.
1076 2652 1102 2684 c)
1125 2655 1281 2684 proterunt
1298 2653 1435 2678 Albricus.
1496 2652 1525 2685 d)
1549 2654 1723 2679 sciscientes
1738 2654 1765 2680 1.

291 2694 432 2718 sicientcs
455 2692 521 2718 5a·.
601 2692 629 2726 e)
653 2693 689 2718 ab
711 2693 776 2717 add.
801 2692 940 2717 ,illm-icus,

295 2769 327 2809 1)
354 2769 396 2802 A.
424 2769 493 2799 964
522 2768 578 2800 die
605 2769 638 2801 3.
666 2770 821 2800 Ianuarii
855 2770 984 2801 mensis
1020 2768 1211 2801 secundum
1247 2768 1439 2810 Reginonis
1475 2770 1763 2802 continuatorem.

293 2816 330 2851 2)
359 2817 412 2849 Cf.
439 2819 520 2849 Ant.
549 2818 565 2848 I
594 2828 624 2849 c.
652 2818 716 2849 35:
763 2819 872 2860 cripte
902 2818 1054 2850 civitatis
1082 2828 1167 2859 quas
1195 2815 1265 2848 alio
1293 2818 1432 2849 nomine
1461 2817 1602 2851 cloacas
1631 2817 1762 2850 dicunt.

294 2866 331 2906 3)
360 2865 499 2897 Contin.
527 2867 653 2907 Regin.
680 2866 769 2898 964:
809 2867 906 2898 Tunc
940 2868 1128 2909 imperator
1162 2865 1266 2908 plena
1304 2866 1419 2898 adhuc
1447 2866 1645 2899 ebdomada
1671 2866 1764 2910 apud

299 2913 378 2946 illos
406 2925 549 2947 manens
577 2915 796 2958 Spolitanum
825 2915 987 2947 ducatum
1017 2920 1050 2948 et
1078 2914 1302 2947 Camerinum
1331 2914 1550 2948 ordinaturus
1579 2916 1695 2948 exivit.

1868 709 1876 803 i]

1869 801 1876 881 i
