1853 3209
288 190 331 220 70
470 188 772 220 LIUDPRANDI
800 186 1146 219 ANTAPODOSIS.
1201 187 1294 218 LIB.
1324 186 1392 217 III.
1446 186 1600 219 38—40.

285 299 456 340 domino
504 298 854 350 commendabat,
900 312 1027 353 opere
1072 311 1275 337 manuum
1314 297 1474 337 victum
1519 297 1770 353 quaeritans.

92 358 271 385 ‘articulus.
286 354 396 396 Sane
427 354 518 406 τὴν*
549 356 790 410 ζογραφίαν,
825 352 1053 407 zografian,
1093 352 1137 392 id
1167 360 1228 394 est
1263 352 1484 408 picturam,
1524 352 1774 408 perpulchre
1820 379 1822 381 ·

286 411 511 452 exercebat
525 417 552 449 ¹.

397 466 464 506 38.
508 464 673 505 Eodem
701 470 891 519 tempore
924 462 1096 503 Simeon
1117 462 1342 517 Bulgarius
1373 471 1525 517 agrosa
1559 463 1673 518 cepit
1704 478 1771 504 ve-

285 520 500 562 hementer
539 518 666 573 afligi.
726 518 865 570 Quem
901 518 1136 569 Romanos,
1176 518 1250 558 filii
1289 519 1353 559 sui
1394 518 1643 561 Christofori
1686 517 1771 560 filia

137 575 369 616 'p.311·filio
400 575 509 615 illius
539 576 676 626 Petro,
709 574 782 629 qui
811 588 925 614 nunc
955 579 1157 627 superest,
1187 588 1320 615 uxore
1350 574 1460 621 data,
1491 575 1544 615 ab
1576 575 1773 628 *incepto

165 620 268 686 002²}
284 631 424 671 furore
463 630 758 685 conpescuit2,
801 629 965 684 sibique
1001 627 1170 669 foedere
1208 628 1361 683 placito
1401 630 1588 671 sociavit.
1648 628 1773 670 Unde

286 694 327 728 et
365 685 505 741 puella
543 692 703 726 mutato
733 685 903 725 nomine
933 689 996 724 est
1034 683 1158 736 Irini,
1199 683 1243 724 id
1273 691 1336 725 est
1364 700 1473 740 pax,
1514 692 1684 737 vocata,
1726 698 1774 726 eo

287 741 400 798 quod
442 756 518 796 per
547 756 641 782 eam
678 742 786 782 inter
814 739 1037 794 Bulgarios
1073 745 1113 780 et
1145 739 1305 781 Grecos
1335 755 1422 795 pax
1452 741 1504 781 sit
1533 740 1775 781 firmissima
1824 743 1825 746 ’

290 797 514 839 constituta
527 797 559 836 ¹³.

397 852 465 893 39.
522 852 601 892 His
651 852 913 906 temporibus
957 849 1202 904 XValpertus
1252 857 1293 891 et
1344 850 1479 903 Gezo,
1528 851 1774 906 prenomine

287 907 577 957 HeverardUS,
619 907 750 962 Papie
780 912 1048 962 prepotentes
1085 905 1244 947 iudices
1275 913 1404 947 erant.
1465 906 1604 948 Causa
1634 913 1777 948 autem

320 964 499 1005 otentiae
530 962 738 1017 XValperti
767 962 871 1003 haec
903 967 1009 1013 erat,
1056 961 1257 1016 quoniam
1288 961 1456 1014 Cumis,
1498 961 1703 1002 ditissimo
1734 962 1778 1002 in

286 980 399 1072 Foco,
439 1018 573 1059 filium
613 1033 737 1059 suum
766 1019 940 1059 Petrum
978 1017 1227 1072 episcopum
1262 1016 1435 1069 fecerat,
1474 1018 1633 1058 Rozam
1662 1031 1776 1069 vero,

287 1082 455 1130 gnatam
481 1090 601 1115 suam
615 1082 643 1126 ³,
677 1072 934 1116 Gillebertoe
958 1073 1101 1113 comiti
1121 1072 1294 1128 palatii4
1316 1073 1514 1126 coniugio
1537 1074 1776 1114 sotiaverat.

288 1131 351 1171 Ea
382 1138 523 1172 tamen
553 1136 804 1185 tempestate
834 1137 1010 1184 uterque
1032 1128 1253 1169 defunctus
1276 1136 1376 1170 erat.
1436 1129 1672 1170 Ticinensis
1702 1129 1777 1169 ita-

289 1200 382 1242 que,
414 1186 529 1242 quod
559 1192 622 1227 est
651 1186 885 1240 Papiensis,
916 1183 1098 1240 populus
1130 1184 1264 1225 omnis
1295 1184 1350 1225 ad
1379 1184 1490 1225 hunc
1512 1190 1777 1235 convenerat,

288 1256 522 1297 causasque
540 1256 684 1282 omnes
701 1248 742 1282 et
754 1240 1060 1282 controversias
1078 1246 1173 1280 ante
1191 1255 1287 1281 eum
1303 1240 1576 1281 deliberabat.
1606 1239 1779 1280 Partici-

287 1298 456 1352 patione
493 1297 673 1353 denique
704 1297 915 1352 potentiae
937 1296 1060 1336 huius
1090 1303 1345 1337 memoratus
1375 1296 1504 1347 Gezo,
1534 1295 1780 1350 prenomine

287 1352 581 1403 Heverardus,
624 1353 825 1408 quoniam
862 1351 1046 1408 quadam
1084 1351 1286 1392 affinitate
1324 1352 1361 1392 ei
1390 1351 1657 1406 iungebatur,
1688 1365 1780 1406 pre-

287 1415 438 1463 potens
467 1408 714 1449 habebatur.
774 1408 858 1459 Qui
888 1405 1147 1448 nobilitatem
1179 1421 1299 1447 suam
1328 1407 1471 1462 pravis
1492 1406 1679 1447 moribus
1710 1406 1778 1447 de-

288 1462 499 1518 turpabat.
574 1464 672 1504 Fuit
715 1464 825 1504 enim
870 1461 1117 1503 ambitiosus
1160 1463 1307 1513 nimis,
1353 1462 1551 1517 cupidus,
1596 1461 1779 1513 invidus,

291 1519 525 1573 seditiosus,
555 1520 656 1559 iuris
688 1526 923 1574 corruptor,
962 1523 1259 1573 preceptorum
1290 1517 1357 1559 dei
1387 1518 1632 1570 immemor,
1664 1516 1778 1573 quod

291 1574 395 1616 deus
425 1590 510 1616 non
539 1589 690 1630 passus
722 1581 785 1616 est
813 1574 929 1616 abire
958 1572 1154 1624 inultum,
1196 1580 1237 1614 et
1265 1589 1319 1614 ne
1349 1573 1507 1614 diutius
1537 1574 1780 1628 protraham

291 1645 551 1684 sermonem,
591 1630 796 1672 Catilinae
832 1630 1002 1671 0111111110
1041 1628 1203 1681 similis,
1246 1629 1316 1685 qui
1355 1630 1462 1671 sicut
1492 1628 1708 1670 consulem
1739 1634 1780 1669 et

290 1687 349 1727 rei
389 1685 585 1741 publicae
625 1686 888 1728 defensorem
917 1685 1110 1726 Marcum
1142 1684 1329 1725 Tullium
1370 1684 1617 1726 Ciceronem
1656 1698 1779 1725 cona—

290 1742 415 1783 batur
445 1742 649 1793 occidere,
679 1743 735 1783 ita
767 1749 807 1783 et
837 1741 904 1782 hic
933 1756 1077 1796 regem
1107 1740 1336 1796 Hugonem
1367 1741 1492 1781 morti
1518 1739 1688 1781 molitus
1717 1746 1781 1782 est

290 1798 468 1839 tradere.
529 1797 725 1850 Quadam
756 1798 868 1838 enim
899 1797 979 1849 die,
1010 1796 1111 1836 dum
1141 1795 1270 1837 nichil
1300 1795 1400 1837 mali
1441 1796 1662 1851 suspicans
1702 1811 1778 1837 rex

290 1853 419 1908 Hugo
448 1854 580 1908 Papie
622 1868 718 1894 011111
757 1854 903 1908 paucis
945 1852 1136 1907 degeret,
1175 1851 1242 1892 hic
1274 1852 1477 1892 seditione
1505 1852 1616 1892 facta
1646 1850 1779 1892 voluit

292 1924 534 1964 supereum
564 1910 743 1961 irruere,
775 1908 849 1950 sed
878 1907 1111 1963 XValperto,
1144 1908 1215 1964 qui
1241 1922 1325 1948 non
1355 1914 1441 1948 tam
1470 1906 1621 1948 ferocis
1651 1907 1781 1947 animi

292 1973 392 2017 erat,
424 1972 674 2015 remorante,
704 1964 894 2006 tardatus
926 1971 999 2005 est.

401 2020 469 2060 40.
515 2020 603 2061 Nec
642 2021 779 2061 minus
816 2020 942 2062 etiam
982 2034 1053 2060 eos
1093 2034 1169 2060 rex
1199 2018 1328 2074 Hugo
1370 2019 1455 2059 suis
1491 2018 1708 2060 rhetoricis
1740 2024 1781 2059 et

290 2075 412 2117 melle
443 2075 701 2118 dulcioribus
732 2075 878 2131 elogiis
907 2076 960 2117 ab
990 2076 1158 2130 incepto
1188 2074 1327 2115 furore
1355 2075 1614 2129 conpescuit.
1664 2074 1781 2115 Dum

292 2132 403 2173 enim
433 2131 683 2173 seditionem
713 2147 840 2187 super
871 2146 915 2173 se
945 2130 1166 2172 exhortam
1196 2137 1323 2186 atque
1353 2131 1396 2170 in
1422 2130 1547 2170 domo
1570 2129 1782 2185 IValperti

292 2188 620 2243 congregatamd
651 2203 742 2229 esse
763 2194 1071 2242 cognossceret,
1105 2185 1348 2227 huiusmodi
1377 2200 1522 2226 omnes
1553 2200 1629 2240 per
1658 2187 1782 2227 inter-

291 2244 460 2285 nuntios
491 2257 683 2285 sermone
714 2243 930 2284 convenit:
989 2242 1119 2295 ‘Quid
1149 2249 1232 2294 est,
1274 2242 1389 2297 quod
1426 2247 1666 2297 tantopere,
1703 2241 1782 2282 viri

201 831 272 864 (10.)

293 2350 321 2383 a)
341 2351 380 2376 sic
404 2353 430 2377 1.
447 2352 576 2382 fortasse
597 2351 696 2383 Argos
719 2353 873 2383 leffewzdum.
965 2350 994 2383 b)
1017 2351 1156 2375 costituta
1182 2351 1206 2376 1.
1299 2349 1327 2383 c)
1348 2350 1389 2374 ita
1413 2351 1441 2374 1.
1456 2349 1585 2380 fortasse
1608 2348 1781 2375 Gisleberto

293 2391 447 2422 legendum.
530 2392 559 2423 d)
585 2394 761 2422 congretam
787 2393 815 2417 l.

296 2477 332 2520 1)
360 2478 569 2521 Theophan.
598 2480 727 2512 contin.
756 2480 807 2510 VI
835 2489 866 2510 c.
888 2478 950 2519 223
991 2473 1064 2520 ’ζῇ
1087 2474 1125 2508 ὃὲ
1152 2475 1213 2520 τῆς
1239 2473 1585 2521 ζωγραφίας-τέχνην
1612 2473 1782 2508 τοσοῦτον

295 2522 446 2571 ἀκριβῶς
473 2522 492 2558 ὃ
521 2523 609 2573 ἀνὴρ
636 2524 806 2571 ἠπίστατο
835 2522 882 2567 ὡς
909 2522 971 2558 οὖν.
998 2521 1095 2569 ὀιμαι
1123 2522 1188 2556 τῶν
1216 2521 1285 2569 πρὸ
1314 2521 1421 2557 αὐτοῦ
1441 2519 1461 2564 ἦ
1483 2523 1550 2557 τῶν
1570 2525 1640 2568 μετ’
1662 2520 1782 2556 αὗτόν.

296 2575 332 2617 2)
369 2575 536 2608 Simeone
574 2578 645 2607 iam
685 2576 852 2608 defuncto
893 2575 1007 2606 Maria
1046 2575 1150 2605 Petro
1188 2574 1306 2616 nupsit
1341 2574 1386 2606 cf.
1425 2573 1514 2615 Leg.
1553 2583 1584 2605 e.
1622 2572 1677 2605 16.
1725 2572 1782 2604 19.

295 2622 332 2665 3)
360 2624 416 2656 De
451 2634 520 2666 qua
557 2625 600 2659 cf.
632 2625 723 2657 infra
751 2625 803 2657 IV
838 2635 867 2656 c.
899 2625 955 2656 13.
1018 2622 1191 2654 Tabulam
1227 2633 1259 2654 a.
1288 2623 1356 2654 959
1392 2621 1484 2654 Iulio
1521 2632 1641 2654 mense
1677 2621 1785 2654 scribi

294 2673 411 2704 iussit:
445 2683 511 2714 ego
538 2673 697 2706 Rotruda
725 2684 791 2716 que
821 2677 856 2705 et
883 2673 980 2705 Roza
1012 2672 1191 2704 eomitissa
1218 2671 1308 2704 bone
1336 2671 1504 2703 memorie
1531 2670 1706 2713 Walperti
1732 2671 1784 2702 iu-

296 2721 384 2752 dicis
411 2719 485 2753 filia
514 2726 547 2754 et
580 2722 704 2754 relicta
732 2721 910 2765 quondam
939 2721 1129 2754 Giselberti
1167 2730 1283 2752 comes
1310 2719 1442 2762 palatio
1472 2723 1540 2752 ete.
1568 2719 1676 2756 (Mon.
1703 2719 1783 2751 hist.

298 2774 387 2812 patr.
424 2770 536 2810 XIII,
588 2770 708 2813 1089).
809 2771 846 2812 4)
887 2770 1122 2809 Gislebertus,
1161 2769 1352 2800 Lanfranci
1388 2768 1498 2808 filius,
1538 2771 1618 2801 ante
1654 2778 1784 2800 annum

295 2818 365 2849 935
393 2818 491 2851 obiit.
