1853 3209
231 177 275 209 48
424 177 724 209 LIUDPRANDI
750 175 1092 210 ANTAPODOSIS.
1146 179 1239 211 LIB.
1267 179 1316 210 ΙΙ.
1369 178 1523 210 56-60.

230 287 467 342 Eporegiae
510 287 689 328 civitatis
731 287 962 328 marchioni
972 319 981 340 ,
1022 287 1139 328 Gisla
1176 288 1425 344 Bel-engarii
1462 288 1573 342 regis
1613 286 1710 339 filia,

229 343 475 398 Berengarii
504 342 664 383 scilicet
691 343 801 395 regis
832 342 955 382 huius
985 350 1130 395 matre,
1173 350 1349 397 mortua,
1380 343 1578 399 hymenei
1617 356 1712 383 con-

231 399 357 439 sortio
389 397 618 452 copularat.
678 397 798 448 Quae
820 397 858 437 ei
878 396 1012 437 filium
1032 406 1237 452 genuerat
1256 400 1423 440 nomine
1445 397 1711 450 Anscarium,

232 454 305 508 qui
336 460 518 508 quantae
557 452 722 492 virtutis
761 458 1028 507 quantaeque
1067 453 1260 495 audatiae
1304 455 1440 507 fuerit,
1472 453 1579 495 liber
1617 453 1712 494 sub-

232 523 411 571 sequens
441 506 672 548 declarabit
684 514 712 547 ¹.

152 572 216 598 921·
342 564 409 604 07.
454 562 533 603 His
576 562 837 616 temporibus
881 562 1015 603 isdem
1060 562 1333 616 Adelbertus,
1383 579 1511 619 gener
1559 564 1714 618 regius,

231 618 468 674 Eporegiae
507 617 688 658 civitatis
717 616 926 670 marchio,
963 624 1088 673 atque
1120 617 1341 660 Odelricus
1377 619 1521 674 palatii
1560 632 1713 670 eomes,

233 674 306 730 qui
343 688 397 714 ex
436 672 673 714 Suevorum
712 673 916 727 sanguine
957 673 1136 714 duxerat
1174 674 1378 728 originem
1394 682 1428 727 ²,
1473 688 1636 715 necnon
1677 680 1716 715 et

234 728 493 770 Gislebertus
532 727 726 782 predives
764 735 931 770 comes3
967 735 1007 770 et
1044 735 1258 782 strenuus,
1298 729 1549 785 Lampertus
1590 729 1716 770 etiam

232 783 557 825 Mediolanensis
588 782 931 838 archiepiscopus
943 791 970 835 ⁴,
1000 783 1273 839 nonnullique
1301 784 1372 825 alii
1401 785 1613 840 principes
1634 785 1716 825 Ita-

233 839 325 892 liae,
356 839 612 892 Berengario
645 837 819 879 rebelles
851 839 1088 880 extiterant.
1148 839 1289 880 Causa
1308 846 1449 880 autem
1478 839 1717 881 rebellionis

234 895 384 936 horum
400 894 476 935 hec
491 895 580 934 fuit..
619 894 736 934 Dum
759 893 1011 949 Lampertus
1036 894 1234 936 defuncto
1261 895 1481 936 decessore
1505 902 1608 936 suo⁵
1630 895 1716 936 Me-

235 950 489 993 diolanensis
506 948 849 1004 archiepiscopus
867 949 1051 990 ordinari
1068 950 1293 1004 debuisset,
1310 965 1395 991 non
1410 965 1585 1005 parvam
1601 950 1654 992 ab
1667 964 1716 992 00

234 1021 311 1047 rex
331 1005 614 1060 Berengarius
645 1011 791 1045 contra
812 1012 1053 1046 sanctorum
1083 1006 1275 1048 instituta
1294 1013 1461 1062 patrum
1492 1006 1717 1062 pecuniam

235 1061 444 1116 exigebat,
475 1061 681 1115 iussitque
702 1061 829 1102 scribi
859 1063 902 1101 in
922 1060 1076 1102 tabulis
1098 1069 1193 1116 post
1214 1062 1354 1103 datam
1376 1062 1455 1103 sibi
1481 1061 1717 1117 pecuniam,

235 1124 439 1173 quantum
471 1115 737 1168 cubicularii,
770 1123 974 1171 quantum
1004 1116 1212 1169 hostiarii,
1252 1125 1456 1173 quantum
1487 1117 1718 1172 pavonarii,

234 1174 315 1228 ipsi
346 1173 470 1213 etiam
501 1170 677 1212 altilium
709 1172 923 1225 custodes,
963 1173 1156 1227 accipere
1193 1173 1406 1215 deberent.
1465 1172 1718 1227 Lampertus

235 1229 364 1283 igitur
393 1226 746 1282 archipresulatus
777 1242 919 1269 amore
950 1228 1219 1270 vehementer
1239 1230 1460 1281 animatus,
1493 1242 1719 1283 quaecum-

237 1298 319 1339 que
358 1298 435 1324 rex
473 1290 744 1338 poposcerat,
787 1290 943 1338 quanto
982 1298 1078 1324 cum
1120 1283 1262 1326 dolore
1292 1285 1516 1336 tribueret,
1556 1299 1610 1325 ex
1638 1282 1718 1324 hoc

237 1338 467 1393 intelligere
498 1339 667 1392 poteris,
701 1340 814 1393 quod
843 1337 1106 1394 subsequens
1136 1339 1259 1381 lectio
1291 1339 1532 1381 declarabit.

92 1398 223 1432 ⁸1³·299·
348 1396 443 1435 ³¹58.
491 1393 733 1435 Odelricum
756 1393 899 1448 palatii
921 1395 1129 1446 comitem,
1161 1410 1286 1450 quem
1307 1394 1583 1450 prediximus,
1605 1394 1720 1435 vinc-

157 1438 328 1491 9²¹'tum
358 1449 642 1503 Berengarius
679 1456 779 1489 tunc
817 1449 998 1490 tenebat.
1059 1449 1254 1505 Cumque
1280 1450 1556 1504 Lampertum
1586 1449 1719 1490 archi-

238 1504 449 1560 presulem
481 1504 763 1555 constitueret,
796 1503 1042 1545 Odelricum
1073 1506 1123 1558 ei,
1162 1506 1295 1547 donec
1325 1506 1429 1561 quid
1459 1505 1510 1546 de
1541 1519 1589 1546 eo
1621 1504 1719 1546 deli-

237 1562 403 1603 beraret
442 1566 602 1614 ageret,
645 1559 967 1600 commendavit.
1040 1560 1083 1600 Is
1126 1568 1268 1602 autem
1305 1561 1511 1616 pecuniae
1550 1560 1720 1613 multae,

239 1631 365 1672 quam
394 1630 471 1671 pro
493 1616 740 1671 episcopatu
762 1622 967 1670 erogarat,
999 1630 1083 1656 non
1109 1617 1327 1669 inmemor,
1358 1616 1438 1657 hoc
1470 1631 1566 1657 eum
1597 1622 1720 1671 capto

238 1672 350 1727 cepit
380 1672 430 1713 de
461 1672 551 1711 eius
581 1670 827 1712 infidelitate
857 1671 1079 1712 discutere.

348 1727 415 1769 59.
460 1727 615 1767 Paucis
636 1726 818 1782 denique
848 1727 1105 1781 interpositis
1127 1727 1297 1780 solibus,
1328 1743 1404 1769 rex
1427 1727 1721 1782 Berengarius,

237 1783 394 1824 nuntiis
425 1782 607 1835 directis,
640 1781 887 1823 Odelricum
909 1782 962 1823 ad
993 1797 1036 1823 se
1066 1784 1209 1824 venire
1240 1784 1441 1839 precepit.
1502 1782 1619 1834 Quos
1648 1780 1722 1837 hy-

237 1839 382 1880 ronica
411 1837 490 1878 hac
519 1838 790 1892 responsione
823 1838 1066 1879 convenisse
1096 1853 1181 1879 non
1211 1838 1388 1880 dubium
1419 1844 1500 1879 est:
1558 1838 1720 1879 ‘Sacer-

238 1894 347 1935 dotis
379 1893 515 1935 officio
546 1894 714 1947 penitus
746 1908 888 1934 carere
919 1893 1064 1945 debeo,
1106 1895 1140 1934 si
1170 1894 1449 1950 iugulandum
1480 1893 1723 1949 quempiam

237 1950 281 1989 in
302 1964 450 1990 manus
472 1947 649 1989 alicuius
671 1947 906 1992 tradidero’.
965 1948 1262 1991 Intellexerant
1291 1951 1433 2006 itaque
1453 1949 1589 1990 nuntii
1610 1949 1722 1989 hunc

238 2004 406 2060 puplice
444 2003 681 2056 rebellasse,
722 2019 848 2060 quem
883 2019 908 2045 a
938 2019 1036 2059 rege
1074 2005 1154 2046 sibi
1194 2005 1394 2048 traditum
1431 2005 1593 2060 absque
1634 2004 1723 2045 eius

239 2061 408 2102 licentia
436 2067 641 2101 noverant
663 2060 870 2101 dimisisse
881 2067 910 2100 ²³.
962 2061 1047 2112 Qui
1068 2062 1247 2115 regressi
1278 2062 1469 2116 protinus
1490 2061 1544 2101 ad
1564 2074 1722 2115 regem,

239 2117 541 2158 Terentianum
579 2114 710 2156 illud6
750 2130 825 2170 pro
864 2116 1136 2170 responsione
1177 2117 1399 2158 dederunt:
1456 2115 1583 2157 ‘Huic
1614 2130 1726 2156 com-

240 2172 427 2224 mendes,
459 2172 493 2212 si
525 2171 626 2227 quid
655 2177 766 2212 recte
798 2177 989 2212 curatum
1019 2170 1145 2212 velis'.

154 2245 227 2280 (16.)
352 2229 418 2270 60.
465 2226 560 2278 Quo
601 2233 789 2282 tempore
819 2226 1025 2268 Rodulfus
1064 2241 1141 2267 rex
1179 2227 1492 2283 superbissimis
1531 2227 1725 2282 Burgun-

63 2281 437 2324 911-93⁷·di0nibus
475 2282 723 2337 imperabat.
784 2282 866 2324 Cui
905 2283 948 2322 in
989 2290 1265 2337 augmentum
1302 2283 1514 2338 potentiae
1549 2282 1628 2323 hoc
1659 2295 1724 2322 ac-

243 2339 389 2391 cessit,
440 2344 486 2379 ut
529 2339 809 2393 potentissimi
854 2337 1089 2379 Suevorum
1135 2339 1253 2379 ducis
1296 2337 1534 2379 Bruchardi
1582 2336 1723 2390 filiam,

241 2395 410 2435 nomine
443 2395 631 2446 Bertam,
672 2393 753 2435 sibi
784 2394 981 2448 coniugio
1014 2392 1269 2448 copula1·et⁷.
1327 2394 1463 2449 Igitur
1492 2392 1723 2446 Italienses,

241 2489 270 2522 a)
295 2490 417 2514 dimisse
442 2491 467 2515 1.

246 2564 281 2606 1)
311 2564 364 2597 Cf.
392 2565 442 2597 IV
471 2574 499 2596 c.
529 2565 560 2604 7,
598 2565 628 2596 V
657 2575 687 2596 c.
715 2565 747 2596 4.
862 2564 898 2606 2)
933 2564 985 2597 Cf.
1023 2565 1130 2597 Gesta
1163 2565 1369 2607 Berengarii
1402 2565 1486 2607 imp.
1522 2564 1559 2596 II
1595 2575 1627 2596 v.
1657 2564 1724 2596 100

245 2618 279 2646 et
318 2624 408 2656 quae
442 2614 478 2644 in
513 2614 668 2645 editione
714 2623 791 2644 mea
831 2614 998 2654 praemisi
1032 2625 1064 2655 p.
1100 2613 1144 2645 27
1179 2624 1212 2645 n.
1247 2614 1280 2645 4.
1392 2612 1430 2655 3)
1467 2613 1724 2654 Bergomensis.

245 2661 283 2704 4)
310 2661 568 2694 Mediolanensi
596 2661 771 2694 ecelesiae
799 2661 950 2703 praefuit
976 2663 1067 2694 intra
1094 2672 1201 2694 annos
1229 2661 1433 2693 921—931.
1516 2661 1556 2703 ὃ)
1575 2662 1725 2693 Warim-

245 2711 357 2751 berto,
384 2714 518 2742 mortuo
546 2721 578 2743 a.
601 2711 682 2750 921,
709 2711 790 2742 VII.
818 2710 897 2742 Kal.
927 2710 1024 2753 Sept.
1110 2710 1146 2752 6)
1166 2710 1319 2753 Adelphi
1339 2711 1405 2750 III,
1427 2710 1458 2749 3,
1481 2710 1537 2742 19.
1616 2708 1651 2752 7)
1672 2709 1725 2742 Cf.

246 2759 302 2791 III
331 2770 359 2790 c.
390 2759 444 2798 13,
473 2759 524 2791 IV
553 2769 582 2792 0.
613 2759 667 2791 12.
718 2760 760 2790 A.
789 2759 857 2789 922
892 2759 1064 2791 Rodulfus
1100 2759 1267 2791 Bertham
1304 2760 1488 2800 coniugem
1520 2758 1618 2790 duxit
1643 2758 1725 2790 Flo·
1852 2791 1853 2795 ,

247 2807 378 2840 doardo
410 2811 511 2840 teste.
1844 2799 1853 2867 4
