1837 3209
127 680 136 691 ⁸
148 690 175 715 p.
186 682 250 707 269.

261 230 333 262 XII
730 228 998 259 PRAEFATIO
1026 229 1265 264 EDITORIS.

264 355 349 381 non
374 340 559 393 proprio
589 338 730 378 Marte
761 337 812 377 ab
843 352 887 378 eo
919 340 1162 392 compositis
1197 341 1271 381 sed
1307 340 1366 380 ad
1394 341 1628 394 ima9inem
1657 350 1739 377 me-

263 402 425 435 trorum
455 394 598 434 Boetii
627 392 858 446 diliyenter
886 395 1100 445 expressis
1140 410 1269 450 aeque
1306 410 1355 435 ac
1386 395 1517 436 Dudo
1549 394 1739 434 decanus

265 451 309 492 S.
355 448 555 496 Quintini
598 450 646 488 in
693 448 874 488 historia
902 448 1204 490 Normanniae
1242 451 1410 491 ducum.
1480 448 1605 490 Nihil
1641 461 1738 488 vero

265 505 409 555 obstat,
442 505 547 558 quin
577 503 916 556 Liudprandum
954 503 1095 556 ipsum
1135 504 1237 545 haec
1267 506 1464 545 carmina
1494 503 1738 544 condidisse

266 576 338 601 nec
384 560 433 600 ab
481 559 582 600 aliis
626 572 677 598 ea
719 563 960 598 mutuatum
1004 573 1089 599 esse
1132 561 1429 608 emistimemus,
1479 571 1740 614 quamquam

264 615 569 669 Buedinyerus
601 614 866 666 aryumentis
894 614 1038 654 minus
1068 615 1276 668 yravibics
1304 621 1558 670 repuynatl.

374 670 524 710 *Libri
543 668 830 722 Liudprandi
860 682 1047 722 quonam
1064 668 1169 722 fato
1194 670 1243 710 in
1265 669 1546 710 Germaniam
1567 669 1738 709 devene-

263 727 365 777 rint,
398 725 515 765 haud
541 724 674 778 plane
706 729 880 764 constat.
930 723 1137 764 Libellum
1168 725 1218 765 de
1248 724 1459 779 Zeyatione
1482 724 1672 765 Treviris
1692 724 1740 764 in

265 781 514 822 bibliotheca
545 778 785 819 cathedrali
812 785 1025 833 repertum
1054 779 1284 820 Browerus
1316 780 1542 833 descripsit
1571 785 1607 819 et
1637 778 1739 820 Wel-

263 851 355 877 sero
385 837 511 886 misit,
544 836 618 888 qui
647 849 741 874 eum
771 848 866 874 cum
890 832 1065 874 Canisio
1097 835 1450 886 communicavit;
1481 849 1574 874 eum
1603 834 1742 888 igitur

266 897 341 931 aut
372 891 424 931 ab
454 890 677 930 Ottonibus
710 894 786 929 aut
812 889 863 929 ab
886 889 1126 930 Adelheida
1155 892 1427 944 imperatrice
1457 904 1501 929 eo
1531 889 1741 929 traditum

265 947 444 1000 opinari
474 945 580 986 licet.
640 943 935 998 Antapodosis
965 959 1128 999 quoque
1158 951 1194 985 et
1224 946 1407 986 historia
1445 944 1621 995 Ottonis,
1653 957 1740 984 uno

265 1002 405 1042 codice
436 1000 716 1053 conscriptae,
757 1001 901 1040 statim
930 1001 977 1040 in
1010 999 1291 1041 Germaniam
1323 1005 1627 1054 pervenerunt,
1668 999 1742 1039 sed

265 1071 450 1111 quonam
490 1055 611 1096 modo
646 1054 781 1108 plane
822 1056 1043 1095 incertum.
1111 1056 1229 1095 IVam
1268 1056 1531 1111 apog-rapha
1573 1053 1742 1095 saeculo

266 1114 424 1153 decimo
456 1117 491 1151 et
521 1111 744 1151 undecimo
776 1110 876 1150 inde
897 1112 944 1151 in
968 1109 1209 1151 Germania
1225 1110 1370 1165 facta,
1402 1110 1742 1164 Spanheimense

267 1183 315 1208 ac
349 1166 658 1217 Gemblacense,
691 1171 727 1205 et
764 1165 1087 1220 Otterbmyense
1127 1166 1289 1207 saeculi
1325 1166 1578 1217 duodecimi,
1621 1170 1741 1205 auto-

265 1222 481 1277 9raphum
506 1222 699 1275 primum
728 1222 775 1261 in
807 1220 967 1261 diocesi
997 1221 1262 1276 Bonuntina
1293 1227 1369 1262 aut
1391 1221 1634 1262 Trevirensi
1664 1219 1741 1260 ad-

266 1284 490 1328 servatum,
522 1276 622 1316 inde
654 1290 747 1316 vero
769 1276 1020 1331 lfa-[simmaa
1051 1276 1237 1317 delatum
1253 1276 1414 1331 fuisse,
1436 1276 1569 1328 fldem
1589 1275 1743 1330 facere

259 1338 463 1387 possent,·
495 1333 565 1371 cui
595 1331 762 1385 quidem
793 1333 1024 1372 sententiae
1055 1332 1378 1384 confirmandae
1410 1332 1572 1372 adduci
1585 1336 1743 1385 posset,

267 1388 379 1442 quod
417 1387 521 1437 Otto,
553 1387 849 1441 R²isz'·729eizsis
886 1388 1124 1440 episcopus,
1165 1388 1212 1427 in
1253 1388 1451 1428 chronico
1487 1401 1562 1427 suo
1595 1401 1742 1440 quam-

258 1443 499 1497 plurimum
519 1442 756 1497 Regsinone,
787 1443 959 1482 minime
989 1457 1085 1483 vero
1107 1443 1393 1496 Liudprando
1416 1457 1519 1482 usus
1539 1448 1611 1482 est.
1657 1440 1744 1482 Sed

273 1499 364 1538 Otto
382 1498 578 1551 fortasse
600 1498 849 1550 scriptorem
871 1497 921 1537 ab
943 1497 1203 1538 Ekkehardo
1225 1497 1459 1551 empilatum
1481 1496 1745 1537 verecundia

266 1554 488 1594 Romanae
519 1552 716 1592 ecclesiae
738 1551 1047 1606 ne‘qleqqendum
1070 1552 1208 1604 duoeit,
1240 1559 1276 1593 et
1307 1554 1399 1593 eius
1430 1566 1531 1592 aevo
1556 1551 1741 1592 codicem

266 1610 309 1648 in
350 1607 599 1648 bibliotheca
641 1606 917 1661 Frisinyensi
954 1608 1220 1648 reconditum
1246 1607 1409 1660 fuisse,
1451 1613 1487 1648 et
1515 1608 1743 1661 inscriptio

266 1663 427 1704 saeculi
447 1662 545 1702 XII.
576 1662 639 1702 vel
668 1662 741 1704 XI.
773 1669 809 1702 et
837 1662 955 1703 locus
986 1663 1164 1717 quidam
1192 1678 1219 1703 a
1239 1664 1479 1717 Rccqezoino
1509 1662 1744 1702 laudatus²

267 1724 458 1759 testatur.
518 1718 660 1772 Iyitur
690 1733 763 1758 nec
795 1732 939 1758 eorum
970 1720 1201 1758 sententiae
1233 1719 1452 1769 adversor,
1485 1719 1560 1772 qui
1588 1716 1745 1758 libram

269 1774 320 1814 ab
351 1773 601 1814 Abrahamo
633 1774 832 1826 episcopo
858 1773 1134 1828 Frisingyensi
1154 1773 1426 1827 (957—992),
1457 1773 1745 1826 Liudprandi

268 1828 442 1884 aequali
492 1834 616 1882 atque
655 1830 703 1869 in
744 1828 1019 1869 conventibus
1055 1828 1251 1869 Romano
1289 1830 1399 1869 anni
1441 1828 1521 1869 969
1562 1827 1745 1882 aliisque

267 1886 400 1934 socio,
443 1897 563 1938 quem
604 1883 811 1923 bonorum
848 1883 1054 1924 librorum
1093 1885 1330 1924 studiosum
1368 1884 1470 1924 libri
1499 1885 1623 1924 iussu
1654 1884 1746 1923 eius

267 1940 418 1993 scripti
449 1938 738 1992 comprobant,
768 1938 1043 1994 Frisinywsi
1063 1939 1333 1980 bibliothecae
1349 1938 1547 1992 fortasse
1574 1938 1746 1979 illatum

253 1995 400 2050 fuisse
419 1995 690 2048 opinantur&
735 1994 831 2034 Una
847 2009 942 2034 cum
957 1994 1136 2049 reliquis
1153 1993 1275 2035 libris
1292 1995 1646 2049 Frisinyensibus
1668 2009 1743 2035 no-

267 2057 352 2090 stro
376 2064 476 2090 aevo
495 2049 767 2090 bibliothecae
784 2050 930 2104 reyiae
948 2050 1203 2090 Monacensi
1219 2051 1485 2090 commissum
1501 2050 1562 2090 ibi
1579 2065 1617 2090 a.
1639 2048 1745 2090 1833

266 2106 450 2146 lustravi
480 2111 516 2145 et
547 2120 585 2144 a.
620 2103 724 2144 1839
755 2105 957 2145 Berolini
988 2106 1139 2145 iterum
1170 2105 1342 2146 contuli.
1401 2105 1532 2146 LVunc
1563 2106 1746 2159 denique

266 2160 562 2201 Duemmlerus
584 2159 754 2200 Halmii
775 2160 1155 2201 benevolentissimi
1176 2160 1448 2201 bibliothecae
1470 2161 1746 2201 Monacensis

258 2216 484 2270 praesidis
517 2216 733 2269 permissu«
771 2215 955 2256 codicem
994 2216 1123 2256 Halis
1161 2231 1255 2256 cum
1292 2216 1474 2256 editione
1514 2216 1746 2257 Pertziana

268 2273 536 2326 comparavit
545 2270 826 2325 pauculaque
843 2272 1040 2311 correacit.
1083 2271 1116 2312 S
1122 2272 1274 2326 iqnavi
1290 2287 1383 2312 eum
1400 2285 1575 2312 numero
1585 2272 1743 2325 primo.

381 2327 423 2381 1)
458 2326 499 2368 C.
529 2340 617 2381 req.
648 2327 923 2366 Monacensis
961 2326 1034 2367 lat.
1067 2326 1174 2367 6388
1207 2328 1361 2381 optimo
1401 2328 1497 2367 iure
1531 2329 1643 2368 inter
1676 2326 1743 2368 Ci-

272 2452 306 2494 1)
326 2453 644 2494 Untersuchungen
664 2463 723 2483 zur
742 2453 882 2484 mittler.
903 2452 1030 2485 Geseh.
1050 2453 1077 2492 Ι,
1098 2452 1301 2484 226—236.
1331 2452 1533 2484 256-258.
1563 2452 1616 2484 Cf.
1638 2452 1747 2485 Gesta

268 2502 475 2542 Berengarii
500 2502 583 2543 imp.
611 2500 751 2542 Prolog.
779 2512 809 2532 v.
841 2501 903 2532 13:

511 2550 656 2588 Desine,
683 2559 776 2580 nunc
803 2550 933 2580 etenim
959 2549 1075 2581 nullus
1102 2553 1162 2581 tua
1189 2550 1344 2580 carmina
1372 2552 1478 2588 curat,

561 2598 662 2629 Haec
687 2598 821 2629 faciunt
845 2598 933 2637 urbi,
961 2599 1050 2629 haec
1078 2608 1217 2639 quoque
1243 2608 1320 2629 rure
1346 2598 1421 2629 viri.

271 2645 307 2687 2)
335 2646 415 2678 Ant.
443 2646 457 2677 1
485 2656 515 2678 e.
544 2646 600 2685 37,
637 2646 678 2678 cf.
707 2647 891 2687 Ragewini
927 2646 1036 2678 Gesta
1063 2646 1237 2678 Friderici
1264 2646 1320 2677 III
1349 2656 1378 2678 c.
1406 2646 1470 2677 33:
1499 2646 1612 2678 Huius
1639 2646 1689 2678 rei
1715 2647 1746 2679 si

270 2695 346 2735 quis
375 2694 536 2736 exempla
564 2695 755 2735 desiderat,
781 2693 824 2725 ad
844 2694 1091 2736 Leoprandum
1120 2695 1179 2736 qui
1205 2698 1305 2735 gesta
1323 2694 1637 2735 Longobardorum
1664 2695 1748 2726 sub-

269 2743 421 2779 notavit,
462 2746 628 2774 recurrat.
728 2743 766 2785 3)
804 2742 857 2775 Cf.
891 2754 922 2774 v.
958 2743 1120 2784 DelHng,
1156 2742 1427 2784 Bemerkungen
1462 2743 1548 2774 iiber
1581 2742 1637 2774 die
1674 2743 1745 2775 alte

269 2790 500 2870 {angiscplrIfft
541 2791 602 2823 des
642 2791 860 2833 Liutprand,
899 2792 1029 2823 Archiv
1067 2791 1122 2823 fiir
1160 2791 1269 2823 'altere
1310 2790 1477 2822 deutsche
1518 2791 1746 2824 Geschichts-

296 2849 341 2870 un
371 2849 388 2870 e
475 2863 482 2878 ,
512 2840 589 2870 127.
