1853 3209
193 340 258 366 918.

194 1888 259 1915 921.

273 212 319 243 36
468 210 771 242 LIUDPRANDI
799 209 1144 242 ANTAPODOSIS.
1194 209 1289 240 LIB.
1315 209 1364 240 II.
1417 209 1572 241 20—22.

273 322 395 377 proin
425 335 575 376 pacem
605 334 680 361 vos
713 316 1066 374 concordiamque
1095 318 1258 371 sectari,
1298 318 1425 359 etiam
1462 325 1588 374 atque
1630 319 1757 360 etiam

272 391 389 431 rogo.
448 376 517 417 Me
547 375 760 416 hominem
791 380 984 426 exeunte,
1023 373 1137 413 nulla
1174 388 1249 414 vos
1288 374 1495 429 regnandi
1534 373 1758 429 cupiditas,

272 432 387 473 nulla
416 430 657 486 presidendi
686 428 861 470 ambitio
892 428 1135 470 inflammet.
1183 429 1443 482 Heinricum,
1477 429 1695 470 Saxonum
1717 438 1756 472 et

272 487 574 540 Turingiorum
600 485 751 525 ducem
772 483 1158 539 prudentissimum,
1189 499 1333 537 regem
1354 484 1506 540 eligite,
1538 485 1756 526 dominum

273 542 525 584 constituite.
584 541 626 580 Is
657 539 769 580 enim
799 545 861 580 est
890 546 931 580 et
960 539 1135 580 scientia
1163 538 1336 594 pollens,
1369 547 1409 582 et
1438 541 1571 582 iustae
1602 541 1755 581 severi-

271 599 368 639 tatis
400 610 575 637 censure
604 593 877 635 habunda-ns'.
922 594 1001 635 His
1026 594 1085 635 ita
1104 593 1289 649 prolatis,
1319 596 1534 650 propriam
1556 609 1754 637 coronam

271 668 357 695 non
385 666 500 703 auro,
533 664 616 705 quo
647 664 782 705 poene
804 651 1111 704 cuiuscumque
1137 649 1293 690 ordinis
1313 651 1555 706 principesa
1584 650 1753 706 pollent,

270 722 419 750 verum
455 707 633 761 gemmis
669 705 1002 760 preciosissimis,
1039 719 1123 744 non
1165 703 1299 745 solum
1340 706 1512 761 inquam
1549 712 1751 759 ornatam,

272 764 347 805 sed
377 768 607 817 gravatam,
639 768 850 816 sceptrum
881 761 1019 813 etiam,
1061 766 1269 815 cuntaque
1308 761 1468 815 regalia
1496 762 1753 813 indumenta,

270 820 315 859 in
343 818 531 859 medium
560 818 702 858 venire
731 816 932 871 precepit,
963 830 1013 856 ac
1042 822 1167 871 prout
1195 814 1328 856 valuit
1356 816 1598 858 huiusmodi
1629 817 1756 859 verba

272 874 438 915 effudit:
470 872 695 914 ‘Heredem
725 872 953 926 regiaeque
984 871 1198 926 dignitatis
1228 871 1435 912 vicarium
1454 871 1665 927 regalibus
1688 872 1753 913 his

273 929 526 970 ornamentis
547 927 797 968 Heinricum
828 928 1055 979 constituo;
1088 927 1156 967 cui
1176 933 1223 967 ut
1244 926 1487 980 oboediatis,
1513 942 1598 968 non
1619 927 1754 969 solum

272 983 458 1037 consulo,
490 983 565 1024 red
595 985 749 1024 exoro'.
809 982 948 1035 Quam
977 982 1206 1023 iussionem
1234 983 1438 1035 interitus,
1469 989 1511 1024 et
1538 983 1755 1024 interitum

270 1055 373 1081 mox
428 1046 490 1081 est
547 1038 813 1080 oboedientia
869 1045 1105 1094 prosecuta.
1182 1038 1282 1093 Ipso
1338 1053 1521 1094 namque
1577 1046 1755 1080 mortem

273 1097 467 1147 obeunte,
506 1095 727 1135 memorati
763 1094 975 1149 principes
1012 1107 1212 1134 coronam
1243 1100 1479 1149 cunctaque
1508 1094 1666 1149 regalia
1694 1095 1756 1134 in-

273 1151 474 1193 dumenta
513 1150 716 1190 Heinrico
757 1150 853 1190 duci
890 1148 1175 1203 contulerunt3
1220 1157 1346 1204 atque
1384 1158 1431 1191 ut
1468 1165 1545 1191 rex
1586 1149 1754 1191 Chuon-

271 1207 398 1247 radus
429 1206 606 1258 dixerat,
638 1211 790 1245 cuncta
818 1220 893 1260 per
933 1204 1122 1246 ordinem
1163 1212 1424 1246 enarrarunt.
1491 1205 1575 1256 Qui
1613 1206 1756 1260 regiae

271 1262 490 1317 dignitatis
522 1261 687 1302 culmen
718 1267 758 1302 et
786 1261 903 1315 prius
933 1260 1146 1302 humiliter
1176 1260 1413 1313 declina-vit,
1443 1275 1493 1301 ac
1513 1260 1638 1315 paulo
1660 1268 1756 1316 post

271 1333 356 1358 non
399 1316 621 1358 ambitiose
667 1317 865 1371 suscepit.
924 1316 1084 1358 Verum
1128 1317 1208 1356 nisi
1253 1315 1421 1371 ‘pallida
1465 1331 1600 1368 mors,
1646 1331 1755 1371 quae

272 1387 511 1428 pauperum
548 1372 745 1413 tabernas
789 1387 1023 1427 regumque
1068 1379 1203 1413 turres
1248 1386 1383 1427 aequo
1424 1371 1565 1427 pulsat
1594 1372 1753 1427 pede⁷1,

274 1427 577 1470 Chuonradum
619 1442 762 1482 regem
800 1434 887 1468 tam
931 1428 1130 1468 citissime
1173 1434 1351 1482 raperet,
1396 1428 1430 1467 is
1467 1434 1588 1480 esset,
1634 1428 1755 1468 cuius

272 1497 427 1524 nomen
456 1482 599 1523 multis
630 1482 778 1522 mundi
807 1482 1049 1523 nationibus
1080 1483 1306 1536 imperaret
1318 1490 1345 1522 ².

385 1540 451 1579 21.
496 1538 592 1579 Hoc
623 1538 772 1579 eodem
802 1545 991 1591 tempore
1020 1537 1233 1578 Arnaldus
1275 1552 1371 1577 cum
1410 1552 1543 1579 uxore
1580 1544 1620 1579 et
1659 1537 1755 1579 filiis

272 1594 495 1650 Hungaria
524 1594 703 1644 rediens,
743 1592 973 1634 honorifice
1002 1607 1027 1633 a
1056 1593 1277 1648 Bagoariis
1307 1600 1434 1648 atque
1464 1593 1517 1635 ab
1549 1593 1755 1634 orientali-

272 1650 352 1691 bus
407 1650 638 1705 suscipitur
688 1649 865 1690 Francis
877 1655 905 1689 ³.
974 1648 1123 1704 Neque
1169 1650 1280 1690 enim
1328 1649 1463 1689 solum
1514 1649 1756 1704 suscipitur,

273 1706 348 1746 sed
379 1712 426 1746 ut
454 1720 532 1746 rex
562 1705 648 1757 fiat,
678 1705 731 1746 ab
762 1705 812 1745 iis
842 1704 1113 1746 vehementer
1147 1704 1348 1745 hortatur.
1406 1705 1501 1746 Rex
1529 1705 1756 1746 Heinricus

275 1776 372 1801 cum
403 1761 693 1815 obtemperare
725 1761 810 1800 suis
847 1775 991 1801 omnes
1029 1760 1300 1812 iussionibus,
1340 1759 1573 1800 Arnaldum
1604 1760 1757 1801 solum-

274 1816 401 1858 modo
431 1817 624 1858 resistere
655 1822 856 1869 cerneret,
893 1814 1109 1870 pervalido
1145 1815 1317 1856 collecto
1355 1816 1556 1869 exercitu,
1595 1816 1758 1870 Bagoa-

274 1873 381 1913 riam
411 1871 558 1914 tendit.
618 1871 743 1923 Quod
774 1870 987 1912 Arnaldus
1016 1878 1064 1912 ut
1092 1871 1266 1923 audivit,
1299 1871 1388 1912 eius
1418 1886 1503 1912 non
1523 1885 1673 1926 passus
1694 1878 1758 1912 est

273 1929 317 1968 in
356 1928 568 1983 Bagoaria
612 1926 834 1983 prestolari
878 1927 1124 1980 adventum,
1170 1941 1321 1967 verum
1361 1926 1560 1980 collectis,
1603 1926 1756 1982 quibus

274 1983 418 2036 valuit,
461 1983 608 2038 copiis,
647 1983 747 2023 huic
793 1982 991 2023 obviamb
1037 1990 1236 2038 properat
1247 1989 1276 2022 4.
1346 1982 1533 2038 Cuperat
1571 1997 1672 2024 sane
1716 1989 1758 2024 et

273 2040 363 2094 ipse
393 2053 471 2079 rex
501 2039 604 2079 fieri.
664 2037 859 2094 Cumque
889 2039 933 2078 in
963 2052 1011 2079 eo
1043 2046 1164 2088 esset,
1204 2045 1252 2079 ut
1279 2037 1437 2080 bellum
1465 2039 1623 2093 pariter
1650 2038 1756 2080 inire

274 2093 489 2147 deberent,
521 2095 630 2135 sicut
659 2094 726 2134 Vir
755 2094 921 2149 sapiens
953 2100 994 2135 et
1023 2093 1091 2135 dei
1119 2095 1271 2134 timens
1298 2108 1374 2135 rex
1395 2094 1621 2135 Heimicus
1644 2094 1755 2148 cogi-

273 2157 366 2191 tans
398 2165 452 2191 ex
481 2157 660 2205 utraque
689 2157 809 2204 parte
829 2149 1163 2204 inrecuperabile
1182 2164 1306 2205 posse
1328 2150 1528 2190 damnum
1549 2149 1753 2202 accidere,

273 2205 501 2258 Arnaldoc,
558 2205 756 2260 quatinus
802 2220 898 2246 cum
951 2205 1038 2246 solo
1091 2204 1202 2246 solus
1255 2204 1471 2261 loquatur,
1524 2205 1753 2246 denuntiat.

274 2262 433 2303 Putans
463 2261 591 2316 igitur
619 2259 844 2314 ArnalduS,
890 2275 972 2316 quo
1004 2260 1207 2316 singulari
1244 2276 1288 2301 se
1327 2262 1484 2302 acciret
1513 2261 1752 2314 certamine,

273 2317 328 2358 ad
358 2316 600 2358 condictum
628 2316 769 2357 locum
800 2316 911 2357 solus
941 2316 1045 2357 hora
1074 2324 1230 2358 statuta
1258 2317 1462 2371 pervenit.

386 2373 452 2413 522.
498 2372 637 2424 Quem
667 2371 749 2413 sibi
780 2372 946 2414 obviam
984 2379 1282 2428 properantem
1318 2387 1395 2413 rex
1424 2372 1652 2413 Heinricus
1681 2371 1754 2413 tali

274 2434 336 2468 est
367 2442 558 2469 sermone
589 2427 837 2482 adgressus:

273 2577 302 2607 a)
327 2578 475 2608 principis
500 2578 524 2601 1.
607 2577 636 2608 b)
661 2578 761 2602 ouialn
786 2579 810 2602 1.
893 2578 918 2608 c)
943 2578 1122 2603 arnaldaldo
1146 2579 1169 2603 1.

277 2695 313 2736 1)
341 2695 465 2727 Horat.
494 2695 561 2727 Od.
589 2695 616 2735 I,
644 2696 676 2734 4,
706 2695 762 2728 13.
876 2694 913 2737 2)
942 2694 995 2727 Cf.
1025 2706 1116 2738 quae
1153 2706 1258 2738 supra
1286 2694 1319 2733 (Ι
1347 2705 1376 2726 c.
1404 2693 1466 2736 44)
1495 2694 1538 2726 de
1565 2694 1754 2727 Lamberto

274 2746 399 2775 auctor
423 2747 541 2775 noster
568 2743 751 2777 diiudicat.
828 2742 866 2786 3)
893 2745 996 2776 Haec
1023 2744 1069 2776 ad
1095 2754 1249 2776 marcam
1264 2743 1493 2776 Bohemicam
1521 2747 1616 2776 trans
1635 2744 1755 2775 Danu-

273 2791 369 2823 bium
397 2793 500 2824 sitam
526 2792 673 2825 fortasse
699 2793 885 2825 referenda
912 2797 1002 2826 sunt.
1078 2791 1115 2833 4)
1137 2792 1189 2825 Cf.
1220 2792 1262 2824 de
1290 2792 1356 2823 hac
1385 2791 1611 2834 expeditione
1630 2793 1736 2824 Widu

275 2839 372 2870 kind.
398 2841 467 2872 Res
493 2845 584 2882 gest.
613 2841 741 2874 Saxon.
760 2843 777 2874 I
805 2852 835 2875 c.
864 2841 921 2874 27.
