1902 3200
242 186 542 220 LIUDPRANDI
567 185 910 218 ANTAPODOSIS.
961 186 1053 219 LIB.
1081 187 1130 218 11.
1184 189 1336 220 52—56.
1485 192 1528 222 47

168 298 234 339 52.
278 298 357 338 His
378 296 529 337 auditis
559 309 670 350 papa
688 296 857 336 nuntios
883 294 1100 336 confestim
1124 295 1529 352 Constantinopolim

55 352 211 407 dirigit,
241 351 483 407 suppliciter
502 351 765 404 imperatoris
786 349 1055 391 amminicula
1076 350 1155 392 sibi
1178 350 1267 391 dari
1288 352 1529 407 deposcens.

54 408 290 463 Imperator
317 420 430 455 vero,
473 413 519 447 ut
547 406 611 446 vir
647 406 963 446 sanctissimusa
1000 405 1151 461 deique
1183 406 1345 459 timens,
1388 409 1529 462 copias

53 462 212 518 absque
241 476 359 502 mora
379 461 592 502 classibus
620 461 818 502 advectas
849 461 1013 502 direxit.
1074 462 1266 516 Cumque
1296 476 1371 516 per
1403 461 1610 503 Gale-91⁶.

52 517 210 558 lianum
240 516 398 558 flumen
429 516 768 569 conscenderent,
799 516 933 557 adfuit
962 523 1003 557 et
1033 530 1143 571 papa
1172 515 1393 569 Iohannes,
1434 532 1529 558 011111

51 571 257 613 Landolfo
287 573 445 627 pariter
467 572 862 613 Beneventanorum
893 572 1084 626 principe
1115 573 1420 626 potentissimo,
1452 573 1529 613 Ca-

20 663 23 666 .
51 628 221 669 merinis
251 628 376 668 etiam
406 634 532 681 atque
569 626 808 682 Spoletinis.
867 626 1052 667 Horrida
1088 627 1186 668 satis
1218 626 1398 682 denique
1425 628 1531 668 inter

53 697 124 724 eos
167 696 311 737 pugna
354 683 579 723 exoritur1.
657 683 813 723 Verum
857 683 956 723 dum
1003 681 1326 723 christianorum
1368 689 1528 737 partem

51 738 183 780 Poeni
212 737 428 792 prevalere
459 739 763 792 conspicerent,
795 739 837 778 in
869 736 1082 779 Gareliani
1124 738 1276 778 montis
1317 739 1531 779 summita-

51 799 134 834 tem
180 792 446 848 confugiunt,
496 801 778 849 angustasque
827 799 987 834 tantum
1034 794 1124 834 vias
1175 793 1398 834 defendere
1448 807 1532 834 mo-

47 848 219 889 liuntur.

162 903 227 945 53.
273 904 342 944 Ex
382 911 499 958 parte
536 918 636 945 vero
676 904 763 952 illa,
805 918 888 960 qua
929 903 1166 945 difficiliorb
1208 911 1295 945 erat
1333 919 1531 946 ascensus

48 960 285 1014 Poenisque
315 959 369 1000 ad
398 959 643 1014 fugiendum
674 960 822 1014 aptior,
855 959 981 1000 Greci
1012 966 1193 1000 castrum
1216 959 1282 1000 die
1313 961 1406 1014 ipsa
1437 974 1532 1000 con-

49 1015 245 1066 stituunt3
276 1015 319 1054 in
341 1029 423 1069 quo
446 1013 689 1065 residentes,
720 1015 895 1066 Poenos,
926 1029 978 1054 ne
998 1014 1205 1068 fugerent,
1238 1014 1530 1068 observabant,

51 1069 305 1124 cottidieque
337 1076 628 1124 oppugnantes
659 1083 743 1109 non
774 1069 1042 1110 mediocriter
1071 1069 1351 1110 trucidabant.

159 1125 224 1166 54.
265 1123 572 1178 Grecis-igitur
601 1124 846 1179 Latinisque
876 1123 1047 1166 cottidie
1069 1124 1422 1177 conflictantibus,
1453 1126 1531 1166 deo

48 1181 291 1232 miserante,
328 1180 566 1220 Poenorum
605 1194 682 1221 1100
722 1194 830 1220 unus
868 1179 1038 1235 quidem
1076 1181 1302 1236 superfuit,
1343 1181 1413 1236 qui
1448 1195 1531 1222 11011

49 1241 121 1277 aut
149 1234 289 1290 gladio
321 1235 614 1289 trucidaretur,
655 1242 727 1277 aut
755 1235 879 1276 vivus
917 1236 1116 1277 continuo
1149 1242 1379 1291 caperetur.
1438 1236 1531 1278 Visi

49 1298 147 1332 sunt
176 1297 317 1332 autem
347 1305 372 1331 a
390 1290 596 1346 religiosis
626 1289 822 1332 fidelibus
854 1292 897 1332 in
927 1291 1075 1332 eodem
1107 1290 1216 1333 bello
1249 1292 1531 1333 sanctissimic

46 1346 273 1388 PETRUS
305 1346 381 1386 ET
411 1346 641 1388 PAULUS
673 1346 865 1401 apostoli,
902 1362 1080 1402 quorum
1122 1347 1371 1389 christianos
1401 1347 1530 1389 credi-

47 1417 140 1443 mus
170 1401 366 1457 precibus
397 1402 614 1454 meruisse,
646 1403 841 1457 quatinus
872 1403 1002 1444 Poeni
1031 1402 1234 1457 fugerent,
1266 1409 1307 1444 et
1337 1403 1415 1458 ipsi
1445 1404 1529 1444 vic-

46 1458 197 1500 toriam
228 1456 499 1498 obtinerent2.

157 1513 223 1554 55.
267 1512 361 1554 Hoc
392 1513 436 1552 in
464 1518 652 1567 tempore
683 1511 937 1555 Adelbertus
969 1513 1204 1554 Tuscorum
1246 1520 1394 1568 potens
1424 1525 1618 1557 mar-(15·)

47 1567 141 1609 chio
173 1568 361 1620 moritur,
392 1568 586 1624 filiusque
609 1569 696 1609 eius
719 1568 846 1609 wido
877 1582 901 1608 a
926 1567 1184 1624 Berengario
1214 1584 1314 1624 rege
1344 1565 1612 1634 1111110111οΞζέ
1648 1603 1680 1628 17

46 1624 177 1679 patris
216 1623 308 1665 loco
348 1624 614 1665 constituitur
627 1630 655 1663 ³.
713 1623 841 1665 Berta
878 1630 1017 1665 autem
1057 1638 1165 1665 uxor
1195 1626 1284 1665 eius
1315 1639 1410 1665 cum
1440 1625 1530 1666 Wi-
1617 1624 1621 1628 ’
1686 1621 1693 1628 ”

47 1679 155 1720 (10110
186 1678 270 1720 filio
300 1685 396 1734 post
424 1679 563 1721 mariti
594 1679 754 1720 obitum
783 1694 867 1719 non
890 1679 1061 1720 minoris
1092 1679 1204 1721 facta
1233 1687 1295 1722 est
1321 1694 1446 1735 quam
1467 1680 1531 1721 vir

47 1749 147 1776 suus
177 1735 399 1789 potentiae.
460 1736 578 1786 Quae
610 1731 705 1774 cum
735 1733 960 1776 calliditate
974 1736 1004 1787 d,
1036 1734 1295 1789 muneribus,
1338 1741 1427 1776 tum
1457 1735 1529 1790 hy-

47 1791 185 1832 menei
215 1790 415 1831 exercitio
437 1789 571 1830 dulcis
586 1796 615 1842 4,
647 1789 869 1830 nonnullos
893 1789 972 1830 sibi
1002 1790 1146 1832 fideles
1168 1790 1374 1832 effecerat.
1407 1791 1529 1832 Unde

47 1845 238 1899 contigit,
280 1851 327 1886 ut
365 1844 465 1886 dum
504 1845 630 1900 paulo
670 1853 766 1900 post
795 1860 819 1886 a
848 1845 1106 1901 Berengario
1146 1845 1271 1887 simul
1309 1861 1406 1887 cum
1444 1845 1529 1886 filio

49 1906 270 1957 caperetur
299 1906 339 1942 et
366 1900 539 1942 Mantue
571 1901 758 1942 custodie
788 1907 1010 1954 teneretur,
1042 1916 1138 1942 suos
1169 1908 1310 1943 tamen
1340 1902 1530 1944 civitates

47 1963 88 1998 et
118 1955 288 1998 castella
318 1957 458 1998 omnia
487 1956 577 2012 regi
598 1956 852 2011 Berengario
883 1957 1054 1999 minime
1085 1956 1330 2009 reddidisse,
1361 1956 1435 1998 sed
1465 1958 1530 1998 fir-

45 2013 169 2054 miter
206 2013 403 2065 tenuisse,
442 2026 620 2067 eamque
656 2013 927 2067 postmodum
968 2012 1019 2054 de
1051 2012 1242 2054 custodia
1279 2011 1405 2053 simul
1435 2023 1529 2054 011111

44 2066 129 2108 filio
160 2067 372 2109 liberasse.

157 2124 223 2165 56.
268 2123 408 2176 Haec,
452 2130 497 2165 ut
541 2137 685 2164 rumor
727 2130 810 2175 est,
851 2130 934 2164 tres
972 2138 1025 2165 ex
1063 2124 1153 2164 viro
1195 2137 1270 2164 suo
1314 2130 1529 2179 genuerat,

48 2178 275 2221 VVidonem
312 2193 438 2234 quem
479 2177 763 2234 prediximus,
804 2184 930 2234 atque
968 2178 1265 2232 Lambertum,
1308 2180 1380 2234 qui
1417 2194 1528 2220 nune

48 2248 182 2290 usque
212 2233 368 2275 lumine
399 2234 588 2289 privatus
618 2240 855 2289 superest⁵·‚
896 2233 1232 2290 Ermengardam
1272 2235 1398 2276 etiam
1429 2248 1529 2289 gna-

47 2297 132 2332 tam
155 2303 274 2331 suam
298 2290 378 2332 sibi
398 2289 581 2331 Afroditi
601 2289 823 2331 dulcedine
856 2289 1112 2346 coequalem,
1145 2303 1273 2345 quam
1302 2289 1527 2332 Adclberto

49 2414 77 2448 a)
100 2416 292 2442 sanctisimns
315 2417 340 2441 1.
423 2414 453 2448 b)
476 2415 619 2441 dificilior
643 2418 667 2443 1.
749 2414 776 2448 0)
799 2416 966 2441 sanctisimi
991 2418 1015 2442 1.
1099 2415 1129 2449 d)
1153 2416 1295 2441 callidate
1320 2418 1344 2443 1.

53 2520 88 2563 1)
125 2521 176 2553 Cf.
214 2532 243 2553 e.
280 2521 323 2553 65
358 2532 392 2554 v.
430 2522 460 2554 1.
502 2523 536 2555 2.
655 2521 691 2564 2)
728 2522 905 2554 Iohannes
942 2532 1034 2564 papa
1070 2522 1286 2553 Herimanno
1323 2520 1526 2552 Coloniensi

49 2570 315 2612 archiepiscopo
350 2570 573 2603 ‘beatissimis
610 2570 748 2603 scilicet
781 2570 950 2613 apostolis
985 2569 1296 2602 intercedentibus'
1331 2569 1526 2601 Saracenos

50 2617 236 2660 dissipatos
273 2629 349 2651 0330
383 2620 524 2661 scripsit
558 2617 688 2662 (Floss,
715 2619 845 2651 Leonis
881 2619 981 2650 VIII.
1010 2629 1124 2660 papae
1164 2617 1324 2660 privileg.
1367 2628 1400 2659 p.
1430 2615 1525 2658 106).

49 2664 84 2707 3)
114 2666 167 2699 Cf.
194 2667 249 2699 III
278 2678 307 2699 c.
338 2666 393 2707 18,
432 2668 639 2709 Berengarii
668 2667 824 2710 diploma
850 2678 881 2698 a.
911 2667 979 2697 915
1009 2666 1065 2698 die
1093 2666 1126 2698 8.
1154 2666 1242 2698 Dec.
1270 2675 1378 2697 mens.
1406 2664 1525 2696 datum

49 2714 318 2757 (Forsehungen
354 2726 414 2748 zur
453 2715 647 2748 deutschen
683 2716 811 2748 Gesch.
848 2715 899 2754 X,
939 2713 1036 2754 289).
1152 2715 1189 2745 41
1225 2714 1323 2745 Tunc
1359 2714 1526 2755 temporis

48 2762 180 2795 Bertha
207 2765 353 2796 Veneris
380 2764 544 2807 operibus
570 2766 640 2795 iam
667 2765 778 2806 impar
802 2764 910 2795 fuisse
936 2764 1087 2795 videtur.
1180 2761 1218 2803 5)
1247 2762 1300 2794 Cf.
1327 2762 1382 2793 III
1410 2772 1440 2794 c.
1467 2762 1525 2793 43.

51 2812 107 2852 46,
134 2813 183 2844 IV
211 2823 240 2844 c.
271 2813 326 2845 10.
377 2812 432 2844 De
460 2816 628 2855 tempore,
656 2823 722 2854 quo
750 2811 958 2843 Lambertus
986 2814 1138 2843 mortuus
1166 2812 1211 2843 sit
1237 2810 1321 2841 nihil
1345 2814 1492 2842 constat.
