1812 3176
514 253 784 286 PRAEFATIO
811 255 1048 288 EDITORIS.
1479 260 1530 291 IX

50 366 172 407 Maio
209 372 247 405 et
283 366 324 406 d.
355 366 392 407 8.
423 364 673 406 Novembris
713 370 750 404 et
789 364 852 404 11.
883 365 1127 406 Decembris
1166 366 1277 406 bona
1316 368 1528 421 quaedam

49 421 246 462 ecclesiae
280 420 572 462 Cremonensis
604 421 914 460 commutavit1.
973 419 1102 461 Anno
1132 419 1212 461 967
1244 422 1407 476 synodo
1437 423 1528 463 Ra-

48 477 226 517 vennati
255 476 473 531 adquam
511 475 603 515 Otto
638 476 874 529 imperator
902 475 1139 516 Iohannem
1163 490 1334 529 papam
1364 482 1401 516 et
1424 492 1528 530 pro-

49 545 160 572 ceres
185 530 399 585 plurimos
421 536 729 571 convocaverat
749 529 961 584 iozteofvcit,
991 530 1067 571 ubi
1086 545 1118 570 e.
1140 545 1180 585 9.
1209 532 1278 571 die
1299 531 1470 585 Aprilis
1492 533 1528 572 7.

47 585 212 627 iudicio
248 586 462 627 Iohannis
493 600 645 640 papae
684 591 720 626 et
765 584 932 626 Ottonis
962 585 996 637 Ι,
1028 599 1112 640 pro
1149 586 1272 626 Petro
1313 587 1528 641 archiepi-

45 655 172 695 scopo
192 641 446 682 Rauennate
475 640 562 681 lato
584 640 729 695 adfuit
741 647 770 692 ²,
801 640 870 682 die
891 641 1077 681 eiusdem
1101 642 1258 682 mensis
1279 641 1345 681 25.
1368 641 1530 683 decreto

45 702 196 737 contra
213 696 448 737 Heroldum
465 696 835 750 archiepiscopum
852 695 1225 751 Salisburyensem
1242 696 1490 746 subscripsit
1501 703 1530 749 ⁸,

45 757 82 791 et
113 751 182 792 die
213 751 279 793 29.
308 753 356 793 in
387 752 550 793 decreto
580 752 747 792 Ottonis
770 765 857 806 pro
878 751 1080 792 Rodaldo
1102 752 1370 805 patriarcha
1393 751 1528 805 Aqui-

45 805 198 847 leiensi
234 813 532 848 memoratur4.
591 807 752 848 Eodem
789 821 905 847 anno
946 807 1109 862 synodo
1140 807 1363 848 Romanae
1394 813 1431 846 et
1461 808 1530 848 die

45 861 208 903 natalis
246 863 413 903 domi-ni
451 863 725 903 coronationi
767 862 934 903 Ottonis
966 862 1024 902 II.
1073 862 1193 902 haud
1231 862 1358 903 dubie
1396 864 1527 903 inter-

30 915 142 971 fuit,
185 932 278 958 cum
307 920 470 972 paucis
511 917 659 958 diebus
683 924 783 971 post
812 918 881 957 die
911 917 948 957 2.
980 918 1191 958 Ianuarii
1219 918 1346 958 bullis
1376 918 1527 958 Heroi-

33 971 299 1026 fesfeldensi
342 979 378 1013 et
423 972 468 1014 S.
508 973 747 1013 Illaaeimini
787 974 1060 1013 monasteriis
1106 988 1133 1012 a
1178 973 1372 1014 Iohanne
1402 973 1527 1013 XIII.

36 1041 167 1081 papa
205 1029 430 1079 concessis,
470 1028 538 1068 die
569 1028 607 1068 3.
640 1028 849 1068 Ianuarii
879 1043 918 1067 a.
950 1027 1031 1067 968
1061 1027 1201 1068 bullae
1242 1028 1292 1069 de
1323 1030 1527 1069 constitu-

43 1083 156 1123 tione
187 1084 461 1137 episcopatus
491 1083 727 1123 Illisnensis
757 1083 1098 1136 subscripseriffi.
1157 1083 1296 1123 Paulo
1322 1089 1422 1136 post
1458 1083 1527 1123 Ot-

43 1138 135 1178 toni
180 1138 239 1178 II.
299 1152 474 1179 umorem
526 1138 790 1192 Theophanu
839 1139 1150 1192 impetraturus
1196 1141 1245 1179 in
1296 1137 1530 1179 Graeciam

36 1191 260 1246 profectus
290 1199 360 1234 est.
410 1193 494 1234 Die
523 1193 562 1233 4.
584 1193 708 1233 Iunii
746 1193 895 1233 Urbem
924 1194 1092 1247 reyiam
1121 1194 1304 1234 intravit
1319 1200 1348 1246 ⁶,
1379 1194 1453 1234 sed
1482 1208 1528 1234 re

42 1247 205 1302 infecta
244 1248 313 1289 die
348 1248 386 1288 2.
425 1247 618 1289 Octobris
655 1249 757 1289 inde
796 1250 986 1299 recessit,
1024 1255 1062 1289 et
1094 1250 1244 1289 itinere
1279 1263 1363 1303 per
1395 1248 1527 1290 Grae-

41 1303 155 1343 ciam
193 1319 371 1356 emenso‚
410 1304 478 1344 die
510 1304 547 1344 7.
578 1304 789 1345 Ianuarii
819 1305 929 1344 anni
958 1303 1038 1345 969
1071 1304 1122 1344 ab
1153 1304 1305 1345 insula
1339 1304 1528 1360 Corcyra

41 1358 198 1400 Italiae
228 1358 322 1400 vela
353 1359 481 1400 dedit.
532 1359 632 1400 Post
660 1360 845 1400 reditum
876 1360 927 1400 de
957 1361 1124 1414 negotio
1147 1367 1328 1414 peracto
1361 1361 1419 1401 ad
1448 1362 1527 1400 ‘im-

33 1420 261 1468 peratores
289 1413 459 1455 Ottones
479 1420 516 1455 et
536 1414 809 1456 Adelheidem
839 1416 1153 1469 imperatricem
1183 1416 1338 1468 retulit,
1367 1415 1526 1456 bullae-

43 1483 121 1523 que
151 1470 201 1510 de
237 1471 534 1511 constitutione
576 1470 978 1524 archiepiscopatus
1008 1471 1400 1526 Magydebmyensts
1437 1472 1527 1511 iam

42 1526 197 1565 viterum
255 1525 423 1580 Zeyatus
485 1525 903 1579 Constantincpolim
960 1526 1198 1567 destinatus
1257 1527 1524 1579 subscripsit.

42 1580 203 1621 Eodem
245 1596 362 1621 anno
403 1581 443 1621 d.
485 1580 550 1620 26.
583 1581 699 1621 Illaii
737 1582 896 1621 Romae
935 1582 1098 1622 decreto
1139 1582 1190 1622 de
1227 1582 1526 1622 constitutione

42 1637 445 1690 archiepiscopatus
489 1637 787 1676 Beneventani
831 1638 1085 1677 consensitv.
1159 1637 1288 1678 Anno
1332 1637 1414 1677 970
1458 1637 1526 1677 die

42 1690 109 1731 22.
149 1691 307 1732 Martii
344 1692 597 1741 Ferrariae,
643 1691 791 1732 Ottone
824 1698 1072 1745 praesente,
1112 1692 1180 1732 liti
1213 1694 1324 1733 inter
1353 1693 1525 1732 Petrum

43 1746 419 1800 arch-iepiscopzmn
434 1743 730 1787 Ravennatem
747 1753 783 1786 et
799 1748 1042 1787 comitatum
1053 1748 1385 1799 Ferrariensem,
1405 1762 1526 1802 quem

39 1801 132 1855 ipse
161 1807 263 1841 tunc
293 1816 427 1842 comes
463 1802 799 1852 administravit,
836 1802 1099 1842 decidendae
1136 1802 1335 1856 interfuit
1353 1808 1381 1841 8.
1441 1803 1526 1842 Die

13 1888 15 1890 -
40 1856 108 1896 20.
138 1856 309 1910 Aprilis
338 1856 527 1898 eiusdem
558 1858 667 1897 anni
700 1856 930 1898 Cremonae
961 1858 1074 1897 duas
1112 1857 1315 1898 bonorum
1349 1873 1523 1911 permu-

41 1912 223 1953 tationes
249 1911 362 1967 fecit
376 1918 402 1951 ⁹.
462 1912 591 1953 Anno
623 1912 716 1963 971,
749 1913 789 1952 si
825 1914 995 1953 auctori
1030 1912 1354 1954 Translationis
1385 1913 1526 1953 sancti

42 1967 242 2022 Hymerii
271 1968 548 2020 credimu8107
578 1968 733 2008 iterum
764 1968 1000 2022 ‘imperiali
1027 1969 1200 2009 servitio
1222 1975 1392 2009 coactus
1417 1967 1523 2009 Con-

42 2097 78 2140 1)
105 2100 199 2132 Mon.
228 2100 308 2132 hist.
335 2104 424 2142 patr.
453 2100 555 2139 XIII,
585 2100 689 2132 1207.
720 2100 825 2130 1212.
857 2100 960 2132 1216.
1074 2099 1112 2142 2)
1139 2101 1309 2132 Fantuzzi
1334 2101 1429 2133 Mon.
1454 2101 1524 2133 Ra-

38 2158 142 2181 venn.
172 2148 220 2188 11,
247 2147 304 2180 28.
452 2146 492 2189 3)
519 2146 758 2190 (Kleimayrn)
794 2149 942 2180 Iuvavia
978 2148 1058 2179 183.
1203 2150 1237 2190 4)
1266 2149 1410 2190 Ughelli
1444 2149 1524 2181 Ital.

39 2206 142 2228 sacra
167 2197 209 2236 V,
236 2197 294 2227 45.
396 2194 433 2237 5)
463 2196 610 2238 Sturnpf,
637 2196 925 2235 Reichskanzlen
952 2196 1045 2228 Acta
1072 2198 1210 2238 imperii
1236 2197 1371 2228 inedita
1397 2208 1431 2239 p.
1462 2197 1524 2237 183

39 2245 174 2286 Beyer,
208 2244 442 2276 Urkundenb.
470 2245 531 2276 der
563 2244 788 2276 mittelrhein.
815 2245 1027 2276 Territorien
1054 2245 1082 2285 I,
1118 2246 1186 2276 287
1216 2246 1290 2283 (ubi
1317 2246 1459 2277 ‘Leone'
1488 2247 1525 2277 in

40 2292 220 2325 ‘Liuzone'
249 2292 496 2334 corrigendum
524 2292 611 2333 est);
641 2292 762 2325 Codex
782 2293 925 2335 diplom.
946 2294 1121 2326 Saxoniae
1147 2304 1221 2335 reg.
1241 2295 1270 2332 Ι,
1296 2293 1329 2325 8.
1408 2293 1444 2335 6)
1464 2295 1523 2325 Li-

39 2341 154 2373 bellus
190 2342 232 2373 de
266 2341 460 2383 legatione.
520 2341 741 2383 Liudprandi
776 2342 1070 2383 subscriptionem
1106 2342 1226 2374 bullae
1261 2343 1343 2374 anni
1378 2342 1448 2373 968
1481 2341 1524 2373 de

41 2390 289 2422 constitutione
324 2389 650 2432 archiepiscopatus
685 2390 1006 2431 Magdeburgensis
1041 2401 1097 2433 ap.
1124 2391 1360 2430 Leibnitiurn,
1396 2389 1524 2422 Annal.

39 2439 123 2480 imp.
152 2438 218 2477 ΙΙΙ,
246 2438 334 2478 240,
361 2442 441 2480 post
474 2437 627 2469 reditum
665 2439 739 2470 eius
771 2439 937 2470 insertam
973 2449 1049 2470 esse
1083 2443 1233 2481 oportet.
1287 2439 1523 2471 Commutatio

38 2486 263 2528 praediorum
298 2487 390 2518 inter
420 2486 679 2528 Liutprandum
716 2491 750 2518 et
781 2487 929 2529 Papium
963 2487 1072 2529 Negti
1108 2487 1165 2519 die
1200 2488 1231 2519 5.
1262 2488 1358 2530 Sept.
1394 2497 1424 2519 a.
1453 2486 1522 2517 968

38 2533 100 2567 illo
128 2535 274 2567 absente
301 2545 364 2577 per
390 2535 527 2577 Lupum
556 2534 743 2567 diaconum
770 2535 866 2567 facta
893 2539 957 2567 est.
1102 2534 1139 2578 7)
1164 2535 1309 2577 Ughelli
1335 2536 1434 2573 VIII,
1465 2536 1522 2567 63.

39 2581 79 2624 8)
105 2584 205 2615 Hier.
230 2583 345 2615 Rubei
370 2583 464 2615 Hist.
488 2584 648 2615 Ravenn.
675 2595 709 2626 p.
726 2583 807 2623 262,
835 2584 969 2616 Savioli
995 2584 1125 2616 Annali
1151 2584 1343 2625 Bolognesi
1370 2584 1386 2615 I
1403 2584 1435 2622 b,
1463 2584 1523 2616 50.

41 2630 79 2672 9)
105 2631 201 2663 Mon.
229 2632 309 2663 hist.
331 2635 419 2673 patr.
439 2632 542 2671 XIII,
571 2632 676 2664 1253,
707 2632 810 2663 1255.
903 2631 963 2674 10)
990 2633 1080 2664 Eum
1108 2633 1246 2664 nonnisi
1274 2631 1317 2663 de
1344 2631 1523 2672 legatione

40 2680 143 2712 huius
178 2681 261 2711 anni
298 2679 597 2721 intellegendum,
638 2691 680 2712 ex
712 2681 950 2722 superioribus
985 2684 1099 2723 patet3
1136 2691 1201 2712 nec
1237 2681 1310 2711 veri
1352 2679 1523 2712 dissimile

40 2727 152 2759 videri
179 2732 304 2771 potest⁷
337 2728 605 2771 Liudprandum
633 2728 848 2770 legationem
876 2727 1035 2771 alteram,
1062 2729 1130 2761 sibi
1156 2727 1292 2771 pridem
1318 2729 1524 2768 iniunctam,

41 2786 110 2808 una
139 2787 217 2809 cum
237 2777 375 2809 Ger-one
402 2777 670 2820 archiepiscopo
699 2777 902 2809 Coloniensi
929 2778 1137 2819 suscepisse,
1166 2787 1268 2818 quem
1289 2787 1366 2808 curn
1387 2777 1524 2809 duobus

43 2826 230 2868 episc-opis,
258 2825 405 2858 ducibus
433 2829 468 2857 et
495 2826 681 2858 comitibus
707 2827 849 2858 missum
877 2826 983 2867 Hugo
1010 2826 1208 2858 Flaviniac.
1236 2825 1365 2858 Chron.
1390 2826 1426 2857 II
1453 2836 1482 2859 c.
1504 2825 1524 2856 8

41 2872 122 2915 (Ss.
148 2875 249 2915 VIII,
275 2873 361 2915 374)
388 2878 569 2906 memorat.
