1902 3200
234 200 533 234 LIUDPRANDI
559 198 900 231 ANTAPODOSIS.
951 199 1044 232 LIB.
1072 201 1133 232 IV.
1186 202 1339 235 ’ΞΟ-23.
1490 204 1533 236 89

57 310 242 363 dederat,
272 311 450 365 nisuque
481 309 595 350 omni
629 307 894 350 adversarios
931 307 1171 362 fatigabat1.
1231 311 1390 353 Verum
1436 316 1535 369 quia
1548 326 1614 353 933.

59 366 220 406 inem-ia
262 380 347 407 non
392 364 526 406 solum
570 362 874 419 temporalibus
913 362 1052 415 rebus,
1093 364 1167 405 sed
1196 368 1377 407 aeternis
1407 370 1534 412 etiam

59 421 225 473 deditis,
255 427 381 475 atque
412 420 455 460 in
494 420 586 474 ipsa
623 420 809 461 internae
848 418 1210 474 contemplationis
1247 422 1408 464 visione
1439 438 1533 466 con-

58 476 223 529 stitutis,
254 475 418 530 lapsmn
448 488 751 530 nonnunquam
788 482 918 528 parat,
957 481 997 515 et
1034 480 1079 514 ut
1108 474 1311 529 Vegetius
1346 477 1534 522 Renatus

57 532 100 572 in
121 530 226 572 libro
256 532 318 572 rei
348 530 538 571 militaris
568 531 665 582 ait2,
698 529 811 585 quod
842 530 1089 570 ‘necessario
1120 529 1300 585 amplior
1330 536 1534 577 securitas

56 586 226 641 gravius
257 585 360 627 solet
389 586 543 627 habere
573 586 825 637 discrimcn',
857 585 1105 625 Heinricum
1137 586 1322 640 quodam
1344 588 1385 628 in
1407 591 1534 645 opido

55 648 293 682 manentem
341 642 635 696 incautiusque
680 656 723 682 sc
763 647 961 692 tuentem,
1010 639 1226 694 predictus
1263 642 1534 687 Heverardus

55 695 229 738 collecta
259 695 523 737 multitudine
555 696 730 748 obsedit,
761 711 809 737 ac
842 696 1090 750 priusquam
1120 695 1248 737 frater
1278 698 1314 738 ci
1345 713 1421 740 rex
1450 715 1535 741 am-

54 751 291 793 miniculari
321 760 474 807 posset,
506 752 781 807 expugnavit,
813 765 1042 805 secumque
1073 750 1189 791 illum
1220 760 1260 793 et
1279 768 1429 808 gazam
1451 771 1536 797 non

54 820 228 861 parvam
258 808 301 848 in
331 809 501 863 propria
530 808 870 862 transportavit&
915 806 1008 847 Rex
1038 807 1168 861 igitur
1198 813 1360 849 tantum
1383 810 1533 866 fratris,

55 864 184 904 immo
216 878 350 915 suum,
382 864 557 919 cupiens
596 862 777 903 dedecus
813 862 1043 914 vindicare,
1082 862 1292 917 prefatum
1331 865 1535 908 Hcverar-

54 917 154 958 dum
185 919 350 974 sibique
380 919 623 960 coniventes
654 924 739 959 toto
772 919 883 973 cepit
913 918 1133 959 conamine
1158 921 1369 975 persequi.

165 986 230 1026 21.
275 985 547 1027 Heverardus
570 1000 668 1026 sane
691 985 975 1027 Gislebertum
996 985 1351 1040 Lotharingorum
1383 989 1535 1032 ducem

52 1055 76 1081 a
106 1042 217 1095 regis
248 1040 447 1082 fidelitate
478 1042 733 1092 seiunxerat,
766 1041 887 1081 cuius
917 1041 1126 1082 adiutorio
1152 1043 1243 1096 regi
1264 1057 1349 1084 non
1371 1046 1536 1088 modice

51 1095 285 1137 resistebat.
345 1097 640 1151 Quamquama
672 1097 782 1136 enim
812 1096 944 1137 isdem
979 1095 1241 1138 Gislebcrtus
1280 1099 1392 1152 regis
1424 1115 1536 1142 soro—

51 1166 140 1192 rem
170 1151 343 1193 haberet
372 1158 587 1203 uxorem⁴,
629 1150 775 1192 maluit
811 1158 964 1203 tamen,
1007 1151 1265 1207 suscipiendi
1302 1157 1422 1208 regni
1461 1172 1535 1212 spe

51 1208 273 1259 animatus,
304 1207 390 1261 regi
421 1207 627 1259 resistere,
659 1221 786 1262 quam
817 1221 925 1259 eum,
957 1212 1002 1247 ut
1024 1207 1236 1259 debuerat,
1270 1215 1415 1250 contra
1437 1226 1534 1255 suos

52 1261 212 1303 emulos
242 1262 457 1303 adiuvare.
517 1263 602 1304 Sed
632 1277 729 1303 cum
760 1277 802 1303 se
832 1276 910 1302 nec
948 1263 1007 1302 sic
1044 1263 1236 1304 resistere
1279 1265 1369 1319 regi
1408 1282 1533 1321 posse

54 1318 359 1373 conspicerent,
396 1332 481 1359 non
518 1317 741 1358 incallidob
773 1317 1004 1359 secundum
1042 1318 1266 1373 hominem,
1306 1321 1378 1362 sed
1418 1322 1532 1366 fatuo

50 1373 282 1414 secundum
327 1374 474 1425 deum,
521 1380 697 1429 accepto
750 1373 942 1427 consilio,
993 1373 1233 1416 huiusmodi
1282 1375 1532 1420 Heinricum

49 1427 190 1470 verbis
220 1431 494 1470 conveniunt:

161 1498 227 1538 22.
288 1496 347 1538 ‘Si
379 1496 564 1538 consiliis
596 1496 749 1537 nostris
780 1504 819 1538 te
851 1511 998 1551 parere
1028 1496 1151 1538 nobis
1182 1499 1417 1542 iuramento
1439 1517 1532 1557 pro-

50 1552 193 1605 mittis,
224 1566 309 1593 non
339 1552 487 1605 solum,
521 1553 617 1608 quia
650 1559 797 1607 captus
829 1567 886 1603 es,
923 1559 963 1593 te
998 1552 1265 1606 dimittin1us3
1315 1555 1389 1596 sed
1420 1559 1533 1612 quod

49 1608 185 1648 maius
219 1615 292 1661 est,
338 1609 371 1649 si
415 1615 557 1649 tamen
600 1622 676 1649 rex
715 1607 818 1649 velis
857 1608 959 1659 fieri,
1006 1615 1195 1650 nostrum
1234 1617 1274 1652 te
1313 1610 1532 1655 dominum

50 1663 368 1705 constituimus’.
427 1663 546 1705 Haec
577 1670 717 1704 autem
748 1678 832 1704 non
863 1678 911 1704 eo
933 1663 1141 1718 dicebant,
1172 1672 1216 1706 ut
1236 1666 1432 1722 facerent,
1459 1670 1533 1711 sed

50 1724 96 1759 ut
125 1720 214 1760 eius
245 1718 403 1760 auxilio
434 1733 579 1774 regem
608 1717 777 1759 facilius.
805 1717 1075 1761 debellarent.
1550 1743 1619 1775 (10,

161 1787 228 1828 ⁶23.
289 1786 509 1828 Habuerat
544 1785 667 1841 plane
703 1801 780 1827 rex
818 1785 1039 1827 nonnullas
1083 1787 1333 1831 fortissimas
1375 1794 1533 1847 copias,

46 1841 355 1883 Herima-nnum
386 1841 545 1883 scilicet
576 1842 811 1883 Suevorum
841 1842 1006 1894 ducem,
1036 1842 1292 1899 fratremque
1324 1846 1413 1888 eius
1444 1847 1532 1890 Hu-

46 1904 227 1950 tonem⁵,
272 1904 398 1952 atque
444 1896 748 1939 Chuonradum
793 1898 1045 1952 cognomine
1091 1898 1373 1954 Sapiente1n⁶.
1449 1903 1532 1956 Qui

47 1967 303 2008 quamquam
324 1953 570 1995 Heverardo
601 1952 816 1994 affinitatis
837 1952 949 1995 linea
978 1954 1263 2010 iungerentur,
1295 1957 1534 2002 maluerunt

48 2016 188 2050 tamen
238 2010 357 2062 iuste,
409 2009 468 2050 sic
518 2009 746 2050 necessitas
796 2009 1071 2063 incubuisset,
1120 2011 1231 2053 iusto
1282 2026 1380 2054 cum
1429 2030 1530 2070 rege

48 2065 311 2117 occumbere,
361 2079 489 2120 quam
543 2065 695 2106 iniuste
745 2079 840 2106 cum
891 2067 1204 2120 consanguineo
1255 2069 1608 2124 tri111npha1·e.⁹3³·

44 2119 270 2161 Heimicus
300 2121 427 2176 igitur
456 2121 661 2175 premissa
689 2121 773 2160 iam
801 2121 1079 2175 promissione
1101 2121 1316 2178 deceptus,
1346 2128 1528 2182 propriis

45 2189 147 2216 mox
178 2175 363 2217 collectis
394 2176 539 2231 copiis,
570 2176 667 2217 totis
703 2175 866 2217 viribus
907 2177 1021 2232 ipsos
1060 2177 1261 2220 adiuvare
1301 2194 1528 2238 regemque
1543 2185 1589 2210 ΡΞ·
1615 2185 1660 2217 2⁶⁷
1684 2186 1730 2209 12·

46 2238 215 2287 ceperat
243 2232 492 2287 inpugnare.
551 2232 710 2273 Verum
742 2232 841 2287 quia
872 2233 1077 2288 scriptum
1109 2239 1188 2275 est:
1248 2235 1437 2278 ‘Mentita
1467 2246 1529 2280 est

47 2287 248 2342 iniquitas
289 2286 392 2340 sibi',
431 2286 532 2329 libet
566 2286 785 2342 paululum
820 2288 1048 2342 immorari,
1095 2295 1135 2330 et
1171 2291 1527 2346 quemadmodum

45 2350 147 2384 tunc
175 2343 349 2385 mentita
380 2343 432 2384 sit
462 2342 541 2384 sibi
566 2344 780 2398 iniquitas,
812 2343 1036 2399 explicare.
1094 2345 1394 2388 Haeverardus
1416 2348 1529 2391 haud

45 2449 74 2482 a)
98 2451 170 2475 Hinc
191 2451 241 2478 lin.
267 2451 293 2476 6.
309 2451 380 2483 folii
396 2451 442 2477 64.
467 2458 554 2482 usque
578 2451 699 2484 z'nfinem
712 2452 838 2483 payincze
850 2452 1028 2484 primaefol.
1047 2453 1092 2479 65.
1112 2454 1317 2486 Liudprandus
1333 2456 1390 2487 ipse
1405 2458 1527 2489 scripsit.

44 2488 75 2521 b)
97 2490 229 2515 incalide
254 2492 279 2517 1.
361 2489 387 2522 c)
411 2497 433 2515 s.
457 2498 485 2515 n.
509 2491 528 2516 i.
552 2491 571 2516 i.
596 2499 620 2516 c.
647 2498 668 2516 r.
694 2498 720 2515 o.
745 2499 774 2522 q.
798 2493 817 2517 i.
842 2492 941 2516 desunt
965 2493 990 2517 2.
1013 2492 1038 2517 3.

47 2586 82 2628 1)
111 2587 164 2619 Cf.
191 2589 365 2630 Reginon.
395 2593 486 2622 cont.
515 2591 597 2623 937.
707 2589 744 2632 2)
772 2591 850 2622 Lib.
878 2591 936 2623 ΙΙΙ
966 2603 995 2623 c.
1025 2593 1080 2624 22.
1182 2590 1220 2631 3)
1248 2593 1324 2625 Non
1351 2594 1395 2626 ab
1417 2594 1526 2626 Eber-

44 2635 153 2668 hardo
180 2637 267 2679 ipso,
294 2637 357 2669 sed
384 2648 405 2669 a
430 2641 526 2671 socio
555 2640 630 2671 eius
656 2639 876 2672 Thanemaro
904 2642 1043 2673 Ottonis
1070 2641 1174 2672 fratre
1202 2642 1319 2683 spurio
1338 2643 1527 2675 Heinricus

48 2685 84 2716 in
118 2684 196 2716 loco
225 2686 281 2717 cui
316 2686 473 2718 Belecke
508 2698 634 2720 nomen
663 2691 725 2727 est,
754 2692 876 2730 eaptus
902 2689 966 2721 fuit
999 2694 1104 2731 atque
1134 2689 1337 2722 Eberhardo
1365 2692 1526 2724 traditus.

45 2731 84 2773 4)
112 2733 338 2775 Gerbergam,
367 2735 410 2767 cf.
438 2735 528 2767 infra
556 2746 587 2768 c.
616 2736 672 2767 30.
708 2737 764 2767 33.
867 2735 905 2778 5)
932 2737 1106 2777 Udonem,
1141 2739 1292 2770 amicum
1327 2740 1432 2781 regis,
1469 2750 1526 2772 co-

43 2781 163 2813 mitem
191 2792 359 2824 pagorum
386 2784 582 2817 Rhenensis
611 2789 645 2816 et
663 2784 900 2817 Wetereibae.
963 2786 999 2827 6)
1020 2785 1232 2826 Conradum,
1261 2787 1320 2829 qui
1348 2792 1382 2820 et
1401 2787 1524 2820 Curci-

42 2829 168 2872 poldus
195 2830 398 2872 vocabatur,
427 2833 673 2866 consobrinum
702 2843 831 2866 eorum.
