1878 3201
230 321 295 348 941.

229 1238 295 1305 „2⁵12

172 2474 220 2507 ’μ
236 2474 301 2501 331.

312 198 378 230 106
503 197 806 231 LIUDPRANDI
832 197 1173 230 ANTAPODOSIS.
1226 197 1320 229 LIB.
1351 197 1390 229 V.
1445 198 1597 230 11-14.

392 309 590 350 Protinus
619 309 663 348 in
691 308 907 350 baratrum
927 306 1123 348 avulsusss
1176 306 1282 348 Aliis
1313 307 1525 348 montibus
1555 307 1671 349 isses

391 364 505 405 Ecce
534 364 838 418 Berengarimn
867 369 1017 414 servat,
1179 362 1288 404 Sinit
1317 369 1357 404 et
1386 363 1551 404 tramite
1580 369 1694 404 recto

314 432 360 466 10
392 420 514 460 Mons
530 419 707 460 transire
723 418 848 465 Iovis,
860 418 1013 457 mirum
1024 416 1137 457 haud
1178 417 1361 459 Suetusb
1396 417 1573 474 perdere
1604 424 1782 472 sanctos,

391 475 448 516 Et
478 488 643 515 servare
673 472 817 524 malos,
846 472 1034 513 vocitant
1176 472 1273 513 Heu
1288 487 1391 528 quos
1411 473 1578 514 nomine
1598 473 1782 528 Mauros,

392 530 607 584 Sanguine
620 529 693 583 qui
703 527 891 583 gaudent
906 526 1136 580 hominum,
1175 527 1299 569 Iuvat
1328 535 1369 569 et
1397 529 1539 570 vivere
1569 535 1703 583 rapto.

394 585 507 637 Quid
532 583 707 638 loquar?
736 597 834 625 ecce
855 582 981 623 deum
1013 582 1136 637 cupio
1176 582 1281 623 Tete
1309 582 1482 625 fulmine
1512 583 1647 637 aduri,

393 640 751 694 Conscissusque⁰
782 637 909 679 chaos
941 639 1104 679 cunctis
1175 638 1274 678 Fias
1304 644 1493 694 tempore
1525 646 1688 681 cuncto.

423 708 486 747 12.
529 707 666 762 Igitur
704 706 1000 757 Herimannus,
1044 703 1281 746 Suevorum
1318 705 1418 758 dux,
1458 707 1698 748 venientem
1732 705 1786 747 ad

309 779 352 805 se
382 762 688 817 Berengarium
718 761 898 816 benigne
938 761 1136 814 suscepit,
1176 774 1357 816 eumque
1394 775 1549 816 magno
1589 776 1687 803 cum
1716 761 1789 803 ho-

309 833 410 860 nore
446 823 542 859 ante
578 816 757 873 piissimi
796 817 906 871 regis
947 815 1115 857 Ottonis
1155 816 1410 871 presentiam
1447 817 1580 858 duxit.
1649 817 1787 869 Quem

338 881 467 915 uanta
523 887 600 914 rex
658 872 881 913 devotione
940 871 1184 926 susceperit,
1273 872 1494 927 uantisque
1544 871 1788 913 muneribus

310 890 541 980 donaverit,
574 935 864 983 quantumque
893 926 1176 980 honoraverit,
1207 928 1258 967 sti
1276 941 1325 968 us
1355 941 1475 968 meus
1506 942 1549 969 se
1576 926 1787 969 scribered

308 999 433 1041 posse
477 984 669 1026 diffidit1.
740 983 901 1024 Verum
942 988 1143 1037 quantum
1182 983 1337 1037 poterit
1375 982 1624 1038 designatis,
1670 983 1789 1024 cuius

310 1041 542 1082 sanctitatis
572 1044 837 1096 quantaeque
869 1037 1139 1079 humanitatis
1175 1052 1253 1079 rex
1281 1037 1418 1090 fuerit,
1454 1045 1633 1094 quantae
1663 1039 1790 1079 etiam

309 1096 592 1152 improbitatis
621 1094 904 1149 Berengarius
935 1094 1131 1147 extiterit,
1169 1092 1290 1135 facile
1330 1093 1515 1149 prudens
1544 1093 1674 1135 lector
1703 1094 1789 1134 ani-

310 1152 573 1193 madvertere
602 1150 768 1206 poterit.

425 1220 488 1260 13.
532 1219 627 1260 Rex
665 1217 807 1272 Hugo,
851 1216 996 1258 audita
1038 1217 1285 1272 Berengarii
1323 1216 1436 1272 fuga,
1480 1217 1649 1258 nuntios
1692 1231 1790 1258 suos

311 1275 400 1329 regi
431 1273 578 1316 Ottoni
608 1273 764 1328 dirigit,
796 1272 1029 1313 secundum
1058 1271 1284 1313 voluntatis
1316 1287 1417 1313 suae
1447 1271 1791 1314 deliberationem

310 1331 402 1371 auri
430 1329 679 1385 argentique
711 1328 876 1383 copiam
915 1343 958 1369 se
990 1328 1027 1369 ei
1057 1327 1267 1381 daturum,
1309 1328 1343 1368 si
1372 1327 1676 1382 Berengarium
1705 1342 1792 1369 non

311 1386 543 1440 susciperet
572 1385 694 1439 eique
723 1382 992 1424 amminicula
1021 1397 1106 1423 non
1136 1383 1352 1436 conferret,
1384 1384 1644 1437 promittens.
1690 1384 1791 1435 Qui-

311 1442 389 1483 bus
415 1440 496 1481 vrex
525 1439 865 1495 apologeticume
902 1437 1145 1479 huiusmodi
1184 1437 1315 1479 dedit:
1376 1438 1668 1493 ‘Berengarius
1706 1453 1792 1479 non

312 1496 364 1537 ob
396 1496 555 1537 domini
584 1496 713 1536 vestri
749 1494 1048 1546 deieccionem,
1092 1508 1252 1547 verum,
1298 1494 1333 1534 si
1368 1495 1480 1549 potis
1519 1501 1594 1547 est,
1641 1492 1693 1535 ob
1730 1508 1792 1535 re·

313 1550 660 1604 conciliationem,
700 1557 887 1591 nostram
925 1549 1029 1590 adiit
1068 1549 1278 1604 pietatem.
1348 1549 1444 1602 Qua
1483 1549 1527 1590 in
1564 1564 1610 1591 re
1644 1550 1679 1590 si
1707 1563 1793 1590 am-

312 1606 551 1649 miniculari
593 1605 653 1647 illi
697 1620 854 1661 poenes
900 1604 1118 1646 dominum
1162 1612 1350 1646 vestrum
1389 1612 1556 1660 potero,
1596 1618 1723 1660 gazas
1768 1620 1794 1646 a

313 1678 356 1705 se
395 1663 498 1703 mihi
537 1662 766 1717 promissas
806 1675 890 1702 non
926 1661 1061 1701 solum
1099 1675 1184 1701 non
1224 1661 1426 1716 suscipio,
1464 1675 1611 1702 verum
1655 1674 1794 1702 meam

313 1718 371 1759 illi
410 1718 687 1760 libentissime
726 1717 888 1769 tribuo;
936 1716 1192 1769 Berengario
1231 1730 1352 1769 vero,
1395 1731 1469 1758 seu
1513 1715 1685 1758 cuilibet
1722 1731 1794 1757 no-

313 1781 423 1816 strae
466 1774 633 1829 pietatis
678 1772 944 1815 clementiam
992 1771 1245 1827 imploranti,
1292 1771 1515 1813 mandasse
1559 1770 1795 1813 subsidium

313 1845 398 1871 non
441 1828 639 1884 prebere,
690 1842 878 1869 summae
923 1827 1160 1868 dementiae
1210 1828 1296 1868 est'.
1369 1827 1589 1883 Perpende
1637 1828 1792 1883 itaque,

314 1892 471 1941 quanta
500 1899 596 1926 eum
625 1898 702 1925 rex
730 1884 825 1939 pius
858 1883 1029 1924 caritate
1071 1881 1276 1934 dilexerit,
1316 1883 1388 1937 qui
1424 1883 1674 1938 promissam
1709 1897 1795 1924 non

314 1940 450 1982 solum
479 1955 564 1981 non
593 1940 800 1995 accipere,
833 1938 907 1980 sed
937 1939 1152 1993 propriam
1189 1952 1265 1993 pro
1301 1937 1371 1979 illo
1407 1938 1632 1994 pecuniam
1660 1937 1795 1981 voluit

315 1996 426 2038 dare.

428 2064 492 2104 14.
535 2063 653 2104 Dum
674 2062 777 2102 haec
802 2061 1022 2116 agunturf‚
1053 2060 1546 2117 Constantinopolitanus
1566 2063 1796 2116 imperator

316 2134 413 2161 cum
453 2120 564 2174 regis
604 2118 800 2173 Hugonis
839 2117 995 2158 nuntiis
1036 2131 1132 2157 suos
1175 2117 1332 2172 pariter
1376 2118 1530 2173 dirigit,
1575 2115 1794 2170 mandans,

313 2189 441 2216 naves
473 2180 514 2215 et
544 2175 685 2215 onmia
715 2187 795 2229 que
828 2171 1084 2214 desideraret
1115 2186 1159 2213 se
1190 2173 1228 2213 ei
1258 2172 1467 2226 daturum,
1499 2174 1533 2214 si
1554 2173 1697 2228 nepoti
1718 2186 1794 2213 suo

314 2229 489 2286 parvulo
531 2229 611 2270 sibi
651 2229 876 2281 omonimo,
917 2228 1182 2269 Constantini
1225 2227 1322 2280 filio,
1368 2228 1495 2269 filiam
1537 2243 1656 2269 suam
1700 2242 1796 2269 con-

314 2289 458 2341 iugem
488 2285 618 2327 daret.
679 2283 1002 2326 Constantinum
1033 2290 1173 2324 autem
1193 2283 1346 2325 Leonis
1375 2284 1639 2340 imperatoris
1652 2291 1682 2336 g,
1712 2298 1798 2325 non

315 2342 448 2397 ipsius
494 2341 700 2393 Romanu,
744 2339 875 2380 filium
920 2339 1028 2380 dico.
1102 2339 1205 2380 Tres
1246 2340 1357 2380 enim
1393 2340 1434 2381 hi
1472 2354 1568 2380 cum
1602 2339 1796 2380 Romano

317 2395 440 2438 simul
482 2395 793 2451 imperitabant,
839 2394 1026 2436 eiusdem
1065 2393 1262 2436 videlicet
1301 2394 1384 2436 duo
1428 2394 1514 2448 filii,
1559 2395 1796 2450 Stephanus

317 2459 442 2507 atque
475 2451 788 2504 Constantinus,
819 2452 1013 2491 *necnon
1044 2456 1085 2490 et
1113 2449 1180 2491 hic
1211 2450 1263 2491 de
1295 2464 1377 2505 quo
1416 2451 1460 2491 in
1489 2451 1796 2506 presentiarum

317 2522 452 2549 sermo
484 2514 560 2559 est,
592 2507 892 2548 Constantinus
912 2505 1067 2546 Leonis
1088 2506 1353 2560 imperatoris
1373 2505 1496 2547 filius.
1542 2506 1635 2548 Rex
1655 2507 1798 2561 itaque

318 2563 459 2618 Hugo,
490 2562 568 2603 hac
596 2563 740 2604 audita
769 2561 991 2617 legatione,
1023 2560 1192 2602 directis
1221 2562 1372 2603 iterum
1404 2563 1576 2615 nuntiis,
1605 2562 1796 2603 Romano

318 2671 348 2704 a)
370 2671 474 2696 vulsus
497 2672 523 2697 5.
549 2671 595 2697 5a.
619 2668 678 2696 5a‘.
735 2670 765 2703 b)
783 2673 883 2696 suetos
898 2672 923 2696 1.
976 2669 1002 2702 e)
1020 2670 1226 2700 consciusque
1244 2677 1318 2695 corr.
1339 2670 1579 2699 Conscissusque
1603 2670 1628 2695 1.
1682 2667 1711 2701 d)
1729 2669 1800 2694 scri-

317 2711 423 2735 berere
448 2712 473 2735 1.
554 2707 583 2742 e)
605 2710 808 2744 απολογετρον
830 2710 855 2736 3.
927 2708 949 2740 f)
973 2716 999 2735 a.
1023 2708 1158 2741 Ρομανος
1181 2710 1206 2735 3.
1285 2708 1314 2741 g)
1338 2709 1371 2734 L.
1396 2710 1414 2734 i.
1439 2717 1499 2735 οιίν
1522 2706 1610 2741 (iiior)
1633 2715 1684 2735 του
1707 2714 1797 2734 αυτου

320 2749 456 2782 Ρομαιοι·
480 2749 575 2774 filium
598 2749 664 2773 dico
688 2748 715 2773 3.

323 2834 357 2876 1)
387 2835 439 2867 Cf.
467 2835 674 2870 widukind.
705 2836 761 2867 III
790 2846 820 2868 c.
851 2836 904 2876 11,
932 2836 1159 2869 Hrotsvithae
1188 2835 1296 2868 Gesta
1323 2834 1482 2867 Oddonis
1510 2846 1542 2867 v.
1572 2834 1653 2867 675.

1862 783 1868 810 ’,ἶ

1860 814 1871 850 ³]

1866 854 1872 869 1

1862 879 1871 906 ,ζ
