1902 3200
418 221 719 254 LIUDPRANDI
746 222 968 256 LEGATIO.
1021 223 1174 255 35—37.
1473 225 1536 256 151

67 332 228 374 sitionis
259 333 445 374 eiusdem
475 347 601 373 causa
640 331 825 383 substiti;
863 345 974 372 1111110
1006 332 1040 372 51
1071 338 1110 372 10
1142 338 1333 372 sanetum
1363 333 1540 387 impera·
1557 350 1622 376 968.

64 393 197 429 torem
245 388 408 428 visendi
456 387 711 428 desiderium
756 385 926 438 obtinet,
971 394 1011 428 et
1055 387 1088 427 si
1134 386 1377 442 quidquam,
1427 389 1541 442 quod

64 443 246 484 necdum
289 441 545 497 prodideris,
590 442 739 492 habes,
789 441 997 482 edisserc’.
1071 441 1151 483 Cui
1195 442 1388 496 inquam:
1439 443 1539 484 ‘Nec

65 504 255 538 sanetum
276 498 570 552 imperatorem
591 496 776 550 videndi,
807 511 884 538 nec
906 498 964 538 rei
985 510 1120 537 novae
1151 496 1384 537 narrandae
1405 496 1540 538 habeo

65 566 254 604 causam3
296 567 427 592 unum
457 552 537 593 1100
572 558 680 608 peto,
721 551 953 593 secundum
990 553 1124 592 sancti
1164 552 1327 606 imperii
1367 553 1542 606 promis-

66 608 238 659 sionem,
255 612 300 647 ut,
321 607 547 649 chelandiis
568 609 610 648 in
630 607 971 649 Anchonitanum
992 613 1159 662 portum
1180 621 1314 662 usque
1336 606 1542 648 deducat'.

65 663 160 714 Quo
199 662 342 703 audito
387 689 442 693 —
485 670 529 705 ut
565 669 661 704 sunt
691 661 844 704 Graeci
883 677 958 717 per
997 668 1124 717 caput
1166 660 1336 703 alterius
1376 676 1544 718 semper

63 718 201 758 iurare
231 718 393 772 parati¹
433 745 486 748 —
525 733 600 773 per
637 717 953 773 imperatorium
994 724 1133 772 caput,
1176 731 1251 771 per
1288 717 1418 758 vitam
1449 731 1543 772 pro·

62 773 211 829 priam,
242 788 317 827 per
346 772 510 825 liberos,
542 788 648 829 quos
678 773 780 814 deus
810 773 879 825 ita,
911 778 956 813 ut
985 787 1134 814 verum
1159 772 1279 826 dixit,
1311 779 1542 823 conservet,

64 843 107 869 se
155 827 198 869 id
248 827 566 883 completurum,
614 829 751 869 iurare
801 828 950 883 coepit.
1012 827 1091 869 Oui
1138 842 1253 868 cum:
1304 827 1499 879 ‘Quando
1511 828 1542 868 ‘?'

64 883 266 935 dicerem,
307 884 423 924 ‘Mox
461 884 726 936 discedente’,
772 884 929 939 inquit,
975 883 1260 938 ‘imperatore3
1306 883 1542 937 delongaris

63 939 187 992 enim,
219 938 296 980 sub
329 939 448 980 cuius
478 954 606 980 manu
635 940 806 980 navium
836 946 899 979 est
929 940 1064 979 omnis
1094 945 1291 994 potestas,
1322 939 1543 980 recedente

64 1001 209 1035 saneto
253 995 516 1049 imperatore,
563 1009 707 1036 euram
751 995 811 1036 tui
854 996 975 1049 aget'.
1041 994 1134 1035 Hac
1175 1009 1248 1049 spe
1289 993 1542 1047 ludificatus,

63 1048 198 1091 laetus
228 1050 281 1091 ab
313 1064 360 1091 eo
391 1050 558 1091 recessi.

175 1106 241 1146 36.
271 1105 374 1146 Post
402 1113 647 1160 sequentem
667 1119 766 1146 vero
789 1104 913 1156 diem,
946 1103 1149 1144 sabbatho
1173 1103 1343 1156 50111001,
1375 1105 1418 1144 111
1439 1105 1542 1145 Um—
1558 1122 1615 1148 Iul.
1639 1121 1684 1148 25.

65 1159 213 1212 briam,
245 1160 318 1215 qui
347 1161 417 1201 est'
447 1160 564 1200 locus
602 1159 748 1201 decem
786 1166 825 1201 et
857 1167 950 1200 0010
983 1158 1215 1200 miliaribus
1248 1159 1541 1201 Constantino-

65 1214 149 1270 poli
195 1214 372 1267 distans,
423 1215 688 1270 Nicephorus
733 1230 799 1256 me
843 1215 1040 1256 accersiri
1084 1215 1216 1262 iubet3
1268 1216 1335 1255 0111
1382 1222 1421 1256 01
1466 1215 1540 1256 ait:

66 1269 288 1311 ‘Putabam
325 1277 365 1311 te
400 1270 571 1326 quidem
601 1271 738 1311 virum
768 1285 969 1325 magnum
1001 1277 1042 1311 et
1072 1270 1291 1312 honestum
1329 1285 1378 1311 ea
1407 1272 1542 1325 gratia

65 1325 147 1367 huc
176 1326 353 1378 venisse,
384 1332 431 1366 ut
468 1325 675 1380 completa
716 1325 956 1366 omnimodo
994 1324 1208 1367 voluntate
1248 1340 1353 1378 mea,
1395 1340 1541 1381 perpe-

65 1387 180 1422 tuam
223 1382 330 1423 inter
373 1396 439 1422 me
483 1388 523 1422 et
566 1381 782 1422 dominum
827 1388 947 1422 tuum
986 1382 1260 1422 constitueres
1300 1382 1544 1422 amicitiam.

65 1437 123 1478 Et
161 1438 360 1492 quoniam
398 1437 450 1478 ob
489 1437 627 1478 cordis
664 1437 723 1477 tui
763 1436 958 1478 duritiem
995 1436 1037 1476 id
1076 1436 1214 1478 facere
1253 1436 1371 1489 nolis,
1415 1451 1545 1477 unum

66 1491 226 1545 saltem,
257 1492 368 1548 quod
397 1492 532 1534 faeere
562 1493 671 1532 iusta
700 1492 861 1533 ratione
882 1492 1030 1547 possis,
1062 1491 1234 1543 efficito,
1267 1491 1451 1534 scilieeta
1475 1492 1545 1533 do-

66 1549 229 1589 minum
268 1555 386 1588 tuum
430 1548 689 1603 principibus
735 1547 939 1603 Capuano
980 1555 1020 1588 et
1057 1547 1367 1599 Beneventano,
1415 1548 1545 1589 servis

65 1604 184 1656 meis,
214 1618 319 1659 quos
350 1618 597 1659 oppugnare
627 1603 818 1658 dispono,
847 1601 1006 1643 nullum
1036 1602 1262 1643 auxiliumb
1285 1602 1546 1644 collaturum.

70 1659 157 1700 Sua
187 1659 259 1714 qui
288 1673 373 1699 non
402 1658 589 1713 largitur,
622 1665 762 1699 nostra
794 1658 939 1700 saltem
962 1658 1156 1699 dimittat.
1216 1658 1352 1699 Notae
1383 1674 1448 1699 res
1472 1666 1546 1711 est,

68 1714 183 1770 quod
213 1729 359 1756 00111111
388 1720 528 1769 patres
560 1720 599 1755 01
634 1714 702 1755 avi
740 1722 882 1755 nostro
918 1714 1094 1768 imperio
1130 1713 1286 1755 tributa
1323 1714 1546 1766 dederunt,

67 1776 111 1811 at
146 1770 190 1810 id
230 1771 331 1811 istos
362 1769 482 1811 brevi
512 1777 700 1824 tempore
731 1769 926 1818 facturos,
964 1769 1128 1823 imperii
1168 1770 1298 1810 nostri
1339 1771 1546 1811 exercitus

66 1825 286 1867 laborabit.

183 1880 263 1922 Cui
302 1881 361 1921 in(
378 1895 495 1921 uani:
536 1881 766 1935 ‘Principes
804 1880 873 1920 isti
907 1880 1098 1935 apprime
1128 1878 1289 1921 nobiles
1320 1886 1359 1921 et
1389 1880 1549 1920 domini

69 1936 152 1977 mei
182 1943 279 1977 sunt
308 1896 473 1984 milites,
507 1936 579 1991 qui
609 1936 643 1976 si
672 1935 867 1977 *senserit
897 1936 1130 1976 exercitum
1167 1942 1287 1976 tuum
1318 1950 1446 1990 super
1477 1950 1693 1988 eos·p‚355‚

68 1993 240 2044 irruere,
271 1991 329 2032 eis
360 1992 504 2047 copias
535 1992 681 2043 mittet,
713 1991 964 2047 quibuscum
1004 1997 1098 2031 tuos
1130 1998 1356 2043 conterere,
1397 1998 1437 2032 et
1467 1992 1549 2032 duo

68 2046 139 2087 illa
168 2047 363 2100 themata,
395 2062 501 2102 quae
523 2046 631 2087 ultra
652 2061 766 2087 mare
795 2046 939 2098 habes,
970 2046 1045 2088 tibi
1066 2045 1343 2101 prevalebunt
1362 2046 1551 2088 auferre'.

70 2103 192 2143 Tunc
223 2102 390 2143 bufonis
420 2103 463 2142 in
492 2102 665 2143 modum
696 2102 948 2143 tumefactus
980 2108 1019 2143 et
1041 2107 1297 2142 commotus:
1327 2101 1550 2154 ‘Discede',

70 2158 218 2213 inquit,
250 2159 345 2198 ‘Per
374 2173 452 2209 me,
481 2172 557 2213 per
587 2158 658 2213 qui
688 2172 754 2198 me
784 2157 909 2199 talem
930 2162 1370 2212 ζ(ζο1111010111110111052,
1400 2157 1553 2198 faciam

70 2220 117 2255 ut
129 2212 242 2254 aliud
255 2213 448 2254 dominus
462 2220 572 2263 tuus,
586 2228 713 2268 quam
727 2212 958 2267 desertores
971 2227 1112 2254 servos
1125 2212 1362 2266 defendere,
1375 2212 1554 2267 cogitet’.

183 2282 250 2322 37.
311 2279 506 2336 Cumque
536 2281 708 2333 abirem,
739 2281 861 2321 iussit
883 2280 1110 2335 interpreti,
1143 2295 1209 2320 me
1232 2280 1310 2321 sibi
1333 2281 1553 2321 convivam

72 2337 181 2389 fieri,
210 2337 439 2391 accitisque
471 2335 697 2377 eorundem
728 2336 967 2391 principum
997 2335 1150 2376 fratre3
1182 2341 1223 2376 et
1251 2336 1454 2390 Bysantio
1476 2336 1554 2376 Ba-

72 2392 241 2444 risiano,
278 2406 453 2447 magnas
491 2393 535 2432 in
574 2406 650 2432 vos
689 2398 941 2446 gentemque
979 2391 1173 2431 Latinam
1210 2398 1250 2431 et
1279 2392 1553 2432 Teutonicam

73 2447 347 2488 contumelias
385 2461 577 2488 evomere
614 2447 746 2488 iussit.
823 2447 983 2488 Verum
1020 2461 1116 2486 cum
1157 2462 1180 2486 a
1221 2447 1389 2487 sordida
1425 2461 1553 2487 coena

73 2504 163 2559 ipse
194 2503 466 2555 discederem,
510 2503 666 2543 nuntiis
696 2503 952 2558 interpositis
984 2501 1091 2542 clam
1117 2501 1219 2542 mihi
1248 2502 1555 2542 mandaverunt

73 2609 103 2642 a)
127 2611 284 2642 promittas
305 2610 399 2642 suppl.
423 2610 545 2636 Giesebr.
627 2610 657 2642 b)
682 2611 844 2635 consilium
867 2610 894 2635 C.
918 2610 1065 2635 auxilium
1089 2609 1209 2636 Giesebr.
1291 2610 1317 2640 c)
1340 2610 1426 2633 Noua
1449 2609 1476 2634 C.

80 2697 116 2740 1)
144 2699 266 2730 Iuven.
295 2698 366 2730 Sat.
394 2698 455 2739 vl,
486 2699 540 2730 16.
572 2699 632 2729 17:
670 2697 823 2730 nondum
852 2698 999 2730 Graecis
1033 2698 1146 2728 iurare
1177 2697 1310 2738 paratis
1334 2695 1338 2738 Ι
1362 2707 1423 2738 per
1451 2699 1557 2738 caput

77 2747 233 2779 alterius.
310 2744 347 2788 2)
374 2747 480 2788 Verg.
506 2747 595 2779 Aen.
622 2747 666 2786 X,
696 2746 779 2777 597.
856 2744 893 2787 3)
914 2746 1078 2778 Clu-onie.
1107 2744 1269 2777 Salernit.
1301 2755 1330 2776 0.
1361 2745 1448 2775 172ι
1477 2754 1556 2786 ger-

77 2806 200 2828 manus
228 2794 379 2826 Paldulfi
406 2795 569 2827 Romualt
595 2795 684 2826 inter
711 2794 866 2826 Graecos
894 2805 914 2825 a
941 2794 1090 2836 pueritia
1116 2793 1229 2824 fuerat
1256 2797 1290 2824 et
1316 2794 1383 2824 iam
1413 2793 1554 2824 minime

78 2845 192 2887 patria
218 2854 281 2876 sua
306 2843 476 2886 repedare
503 2844 670 2876 volebant
695 2847 836 2886 propter
863 2853 960 2875 suam
988 2842 1199 2884 superbiam.
