1902 3200
274 262 575 303 LIUDPRANDI
601 260 948 294 ANTAPODOSIS.
1000 261 1094 293 LIB.
1123 262 1193 295 ΙΙΙ.
1247 264 1400 297 43—44.
1539 267 1581 297 73

104 379 272 428 temque
311 371 548 413 liberalium
593 371 745 413 artium
788 371 982 426 peritiam
1027 370 1194 412 Verone
1230 373 1453 428 episcopus
1490 389 1584 416 con-

105 429 299 481 stituitur,
344 427 417 468 ubi
461 434 501 468 et
544 425 659 479 Milo,
713 441 838 482 quem
883 440 1011 480 supra
1054 428 1394 481 memoravimus,
1443 442 1584 471 comes

104 483 350 526 habebatur.

213 538 283 579 43.‘
339 534 470 579 Wido
509 538 680 589 interea,
729 537 910 577 Tusciae
950 537 1194 591 provinciae
1234 537 1436 591 marchio,
1488 553 1669 596 cumffl)

102 593 288 634 Marocia
317 607 451 633 uxore
481 607 556 634 sua
585 593 636 634 de
666 592 865 633 Iohannis
895 606 1030 647 papae
1061 592 1296 633 deiectione
1328 594 1438 648 cepit
1464 593 1584 636 vehe-

102 655 264 690 menter
301 654 492 700 tractare,
532 654 658 703 atquc
698 647 777 689 hoc
819 654 992 702 propter
1029 647 1246 700 invidiam,
1293 662 1420 703 quam
1458 650 1583 691 Petro

100 704 216 744 fratri
259 717 396 759 papae
439 703 663 756 habebant,
707 704 906 758 quoniam
951 702 1122 758 quidem
1168 702 1283 744 illum
1330 718 1440 759 papa
1477 705 1584 747 sicut

100 759 271 800 fratrem
314 761 534 815 proprium
564 758 809 800 honorabat.
877 757 1068 812 Contigit
1106 759 1248 813 itaque
1288 760 1412 800 Petro
1450 760 1583 802 Rome

101 813 292 869 degente,
322 814 550 856 widonem
580 814 733 855 multos
762 813 957 855 habuisse
988 815 1096 855 clam
1117 815 1269 856 milites
1291 822 1582 870 congregatos.

102 868 296 926 Cumque
340 870 407 912 die
452 869 635 925 quadam
676 885 788 925 papa
827 884 923 910 cum
963 869 1091 911 fratre
1131 871 1363 926 paucisque
1408 870 1499 912 aliis
1539 872 1583 913 in

98 925 372 967 Lateranensi
407 926 561 981 palatio
602 933 724 978 esset,
768 925 964 966 IVidonis
1012 933 1053 967 et
1091 926 1302 967 Marociae
1343 941 1470 982 super
1509 942 1581 969 eos

100 980 252 1023 milites
281 982 502 1034 irruentes,
533 982 705 1022 Petrum
734 980 873 1021 fratris
903 982 1036 1035 ipsius
1066 989 1162 1023 ante
1192 980 1336 1023 oculos
1368 982 1582 1025 interfece-

98 1044 240 1089 runt¹;
272 1036 453 1077 eundem
482 1051 583 1077 vero
613 1050 769 1091 papam
799 1035 1216 1090 comprehendentes,
1247 1037 1437 1078 custodie
1468 1053 1582 1079 man-

100 1092 306 1146 ciparunt,
335 1093 378 1132 in
409 1106 493 1146 qua
520 1106 604 1131 non
636 1090 765 1132 multo
795 1097 892 1145 post
921 1098 985 1132 est
1014 1091 1245 1133 defuntusa.
1292 1093 1426 1134 Aiunt
1456 1095 1581 1146 enim,

101 1146 214 1202 quod
244 1147 427 1188 cervical
455 1162 582 1202 super
613 1161 657 1187 os
688 1147 778 1187 eius
808 1147 1069 1200 inponerent,
1099 1147 1244 1203 sicque
1275 1162 1371 1189 eum
1402 1150 1582 1203 pessime

100 1202 364 1244 suffocarent.
424 1202 520 1254 Quo
552 1209 717 1243 mortuo
730 1209 756 1254 ²,
788 1202 920 1256 ipsius
950 1201 1156 1243 Marotiae
1187 1202 1319 1243 filium
1351 1203 1582 1246 Iohannem
1599 1226 1662 1253 923,

98 1258 281 1311 nomine,
313 1273 437 1314 quem
467 1273 521 1299 ex
552 1258 701 1312 Sergio
741 1271 854 1313 papa
892 1258 1090 1299 meretrix
1127 1259 1220 1312 ipsa
1258 1266 1474 1313 genuerat,
1512 1275 1584 1316 pa-

99 1321 226 1368 pam3
277 1315 548 1355 constituunt.
626 1312 756 1355 Wido
806 1328 905 1354 vero
945 1328 1030 1354 non
1078 1315 1209 1356 multo
1258 1322 1355 1370 post
1395 1316 1583 1370 moritur,

98 1369 310 1425 fraterque
341 1371 429 1411 eius
459 1368 713 1410 Lambertus
743 1369 824 1424 ipsi
854 1369 1038 1410 vicarius
1073 1369 1303 1412 ordinatur.

208 1425 275 1466 44.
334 1425 535 1478 Marozia,
567 1430 752 1466 scortum
783 1425 1005 1479 impudens
1036 1427 1149 1478 satis,
1180 1427 1348 1468 nuntios
1370 1441 1466 1468 suos
1488 1434 1583 1483 post
1598 1448 1659 1473 932,

99 1480 297 1522 IVidonis
339 1481 478 1522 mariti
529 1482 594 1521 sui
634 1487 812 1521 mortem
852 1480 1027 1536 Hugoni
1064 1483 1156 1536 regi
1194 1482 1354 1537 dirigit,
1402 1497 1582 1538 eumque

97 1536 260 1588 invitat,
297 1543 344 1578 ut
374 1551 417 1577 se
448 1536 572 1578 adeat
600 1537 865 1590 Romamque
903 1535 1207 1578 nobilissimam
1251 1539 1462 1579 civitatem
1500 1539 1581 1580 sibi

97 1591 332 1633 adsumatb.
391 1592 487 1633 Hoc
517 1599 658 1633 autem
689 1606 774 1632 non
803 1590 923 1633 aliter
952 1606 1074 1647 posse
1105 1593 1196 1634 fieri
1225 1594 1469 1647 testabatur,
1500 1595 1581 1635 nisi

97 1661 189 1688 eam
220 1662 295 1688 rex
324 1647 452 1703 Hugo
485 1647 565 1688 sibi
595 1648 789 1688 maritam
819 1646 988 1689 faceret.

209 1702 324 1755 Quid
345 1703 523 1744 Veneris
543 1703 705 1744 facibus
728 1702 947 1757 compulsa
967 1703 1153 1744 Marozia
1175 1704 1336 1746 saevis?
1406 1706 1578 1747 Versus.

209 1758 413 1813 Coniugis
444 1773 541 1800 ecee
571 1759 632 1799 tui
662 1764 827 1813 spectas
858 1764 904 1798 tu
934 1760 1081 1799 suavia
1110 1759 1262 1812 fratris,

206 1814 376 1856 Nubere
405 1815 618 1869 germanis
650 1821 843 1868 satagens
874 1814 1065 1855 Herodia
1093 1814 1271 1868 duobus,

205 1869 435 1911 Immemor
465 1885 517 1911 en
546 1870 701 1910 videris
732 1870 919 1924 precepti
950 1884 1051 1911 ceca
1078 1870 1291 1924 Iohannis,

155 1936 174 1967 5
209 1925 294 1977 Qui
323 1925 441 1966 fratri
470 1926 605 1966 vetuit
633 1925 772 1966 fratris
802 1925 960 1966 violare
989 1927 1196 1967 maritam.
1595 1948 1685 1974 Marc,
1703 1949 1728 1976 6,
1748 1950 1773 1973 1,

207 1981 327 2022 Haec
359 1980 436 2022 tibi
466 1981 634 2022 Moseos
664 1995 749 2021 non
778 1987 967 2035 prestant
997 1982 1183 2022 carmina
1213 1982 1332 2023 vatis.

209 2037 293 2088 Qui
321 2036 438 2077 fratri
469 2036 658 2078 subolem
688 2036 827 2077 fratris
857 2036 908 2078 dc
938 2038 1108 2079 nomine
1139 2038 1260 2079 iussit
1598 2055 1720 2080 Denter.

206 2092 359 2145 Edere,
390 2093 425 2133 si
454 2093 616 2148 primus
647 2098 830 2147 nequeat
859 2091 940 2133 sibi
969 2093 1144 2148 gignere
1175 2100 1335 2134 natum.
1598 2094 1645 2126 ‘25'
1668 2094 1695 2119 5·

206 2147 359 2188 Nostra
388 2155 460 2190 tuo
491 2149 705 2204 peperisse
735 2161 825 2188 viro
856 2155 896 2189 te
933 2148 1077 2189 secula
1107 2157 1274 2190 norunt.

130 2213 176 2246 10
208 2203 468 2259 Respondes,
499 2205 599 2256 scio,
630 2211 696 2245 tu:
729 2202 881 2243 ‘Nichil
910 2203 990 2245 hoc
1021 2204 1167 2246 Venus
1199 2205 1316 2246 ebria
1347 2207 1517 2246 0111·at'⁴.

207 2258 392 2301 Advenit
423 2265 590 2315 optatus
621 2273 698 2300 ceu
726 2259 803 2300 bos
835 2259 910 2300 tibi
941 2258 1091 2301 ductus
1122 2260 1176 2301 ad
1206 2275 1323 2301 aram
1589 2253 1648 2293 Ρν·

207 2315 300 2355 Rex
331 2315 472 2369 Hugo,
503 2316 738 2356 Romanam
766 2315 907 2370 potius
939 2323 1204 2358 commotus⁰
1236 2316 1288 2357 ob
1320 2317 1483 2358 urbem.

209 2370 323 2422 Quid
351 2372 481 2423 iuvat,
512 2369 784 2423 obscelerata,
814 2370 953 2411 virum
985 2373 1044 2412 sic
1074 2372 1249 2427 perdere
1274 2372 1498 2414 sanctum?

209 2424 394 2468 Crimine
423 2426 524 2468 dum
554 2432 669 2468 tanto
700 2426 856 2480 satagis
886 2427 1032 2481 regina
1061 2427 1208 2480 videri,

133 2491 175 2523 15
210 2481 381 2527 Amittis
412 2496 609 2538 magnam
631 2482 802 2523 domino
835 2488 880 2523 tu
910 2482 1050 2524 iudice
1080 2483 1273 2525 Romam.

98 2536 244 2588 *Quod
272 2543 383 2579 recte
414 2552 504 2580 esse
534 2545 686 2591 actum,
717 2552 801 2578 non
832 2536 966 2578 solum
997 2547 1162 2581 sensata
1188 2554 1335 2580 verum
1367 2540 1491 2580 etiam
1523 2539 1727 2590 in-·p,313,

99 2599 264 2634 sensata
292 2593 642 2635 animadvertunt.

99 2673 127 2708 a)
149 2677 167 2702 i.
191 2683 212 2702 e.
237 2676 404 2703 defunctus.
485 2675 514 2708 b)
537 2677 705 2702 adsummat
729 2679 754 2702 1.
837 2676 863 2708 ο)
885 2681 1052 2702 commutas
1078 2680 1102 2703 1.

103 2750 137 2784 1)
165 2750 219 2782 Cf.
246 2751 434 2784 Benedicti
461 2753 582 2785 chron.
611 2763 640 2784 c.
669 2753 712 2784 29
742 2752 820 2793 (SS.
849 2753 919 2792 ΙΙΙ,
949 2752 1047 2793 714).
1138 2752 1174 2786 2]
1202 2754 1349 2786 Mortuis
1379 2755 1494 2794 etiam,
1523 2755 1583 2797 qui

101 2799 132 2830 ei
160 2804 414 2841 successerant,
448 2801 568 2834 Leone
595 2801 658 2834 VI.
694 2805 729 2833 et
755 2801 934 2843 Stephano
963 2802 1043 2834 VII.
1144 2802 1182 2839 3)
1210 2803 1403 2835 Iohannem
1431 2802 1494 2834 XI.
1523 2803 1583 2846 qui

100 2858 144 2879 m.
183 2847 310 2880 Martio
349 2859 382 2881 a.
423 2849 490 2880 931
532 2860 702 2882 summum
744 2849 984 2892 pontificatum
1025 2849 1174 2892 adeptus
1217 2855 1279 2883 est.
1380 2849 1419 2893 4)
1458 2852 1582 2885 Iuven.

100 2896 174 2928 Sat.
202 2897 264 2937 vl,
290 2897 370 2931 300.
