1853 3209
173 365 240 392 898.

167 639 239 674 (11.)

106 1415 115 1425 ⁸
127 1425 156 1449 p.
173 1418 238 1443 285.

165 2354 235 2388 (12)

170 2394 236 2419 Oct.

161 2433 236 2457 Nov.

256 239 300 268 ‘22
461 237 762 270 LIUDPRANDI
789 237 1132 272 ANTAPODOSIS.
1184 238 1278 271 LIB.
1306 239 1334 270 I.
1387 238 1542 270 39—42.

255 348 350 400 tiae,
382 354 428 388 ut
457 348 566 388 inter
595 361 739 388 omnes
769 347 915 389 Italiae
945 347 1155 402 principes
1193 347 1305 389 solus
1335 349 1426 403 ipse
1457 355 1736 403 cognomento

255 402 464 443 diceretur
491 403 639 443 Dives.
698 403 812 443 Huic
853 410 941 443 erat
976 417 1084 442 uxor
1120 404 1290 444 nomine
1320 403 1492 456 Berta1,
1523 404 1735 458 Hugonis,

254 465 396 499 nostro
426 463 523 512 post
550 464 741 512 tempore
769 458 895 511 regis,
925 464 1079 509 ma-ter3
1112 459 1231 499 cuius
1250 459 1451 499 instinctu
1471 466 1557 500 tam
1577 460 1738 500 nefaria

255 514 367 567 cepit
396 513 488 568 ipse
517 512 717 552 facinora.
776 513 885 553 Nam
916 512 1089 553 collecto
1121 514 1323 565 exercitii,
1355 528 1451 554 cum
1481 513 1737 569 Ildeprando

255 568 409 609 comite
438 574 677 608 constanter
705 567 883 622 Papiam
911 567 1082 608 tendere
1110 568 1291 609 festinat.

365 623 432 663 40.
476 623 728 663 Lambertus
771 624 931 663 interca-
972 638 1048 663 rex
1091 623 1240 663 harum
1282 638 1423 664 rerum
1466 625 1647 676 inscius,
1692 625 1737 665 in

255 678 459 729 Marinco,
489 677 570 718 XL
599 677 730 719 ferme
750 677 920 719 milibus
940 679 1075 733 Papia
1094 678 1265 730 distans,
1296 678 1593 720 venationibus
1615 693 1738 720 occu-

254 740 391 788 patur.
442 732 636 788 Cumque
665 732 816 788 prefati
845 733 1031 773 marchio
1060 739 1101 774 et
1131 747 1270 774 comes
1310 748 1406 774 cum
1444 735 1633 776 inmenso
1665 734 1739 776 sed

252 787 439 830 invalido
484 789 721 829 Tuscorum
764 789 951 830 exercitu
995 788 1203 829 Bardonis
1248 794 1457 829 montem²
1500 790 1737 842 transirent,

253 843 479 885 Lamberto
509 844 601 898 regi
631 844 771 884 medio
801 844 845 883 in
873 858 1044 886 nemore
1073 844 1256 897 venanti,
1291 850 1337 884 ut
1367 859 1458 885 sese
1488 859 1554 885 res
1581 844 1738 886 habue-

252 907 328 952 rat,
360 900 589 940 nuntiatur.
633 900 675 940 Is
705 914 818 951 vero,
851 900 961 940 sicut
991 905 1079 940 erat
1107 900 1238 940 animi
1268 905 1463 940 constans
1492 900 1739 956 viribusque

252 962 414 1011 potem,
458 969 555 995 suos
584 969 671 995 non
699 969 849 1011 passus
880 962 943 996 est
971 954 1124 996 milites
1164 954 1402 1010 prestolari3
1441 955 1515 996 sed
1553 954 1738 996 collectis

254 1025 358 1066 quos
389 1025 533 1051 secum
563 1010 781 1063 habuerat,
813 1018 982 1052 centum
1011 1011 1141 1052 ferme
1171 1009 1387 1063 militibus,
1419 1025 1543 1051 cursu
1575 1011 1740 1066 prepeti

254 1067 314 1108 eis
345 1066 517 1107 obviare
547 1065 725 1108 festinat.

363 1122 431 1162 41.
474 1122 651 1162 Iamiam
680 1121 940 1162 Placentiam
969 1127 1159 1174 venerat,
1191 1136 1286 1162 cum
1316 1121 1387 1161 hia
1422 1122 1533 1163 iusta
1561 1120 1739 1162 fluvium

255 1177 538 1218 Sesterionem
583 1177 637 1217 ad
679 1177 864 1232 burgum
877 1185 906 1229 3,
951 1178 995 1217 in
1039 1191 1120 1232 quo
1165 1177 1448 1218 sanctissimib
1489 1183 1529 1218 et
1567 1177 1741 1232 pretiosi

253 1233 449 1286 martyris
478 1233 683 1273 Domnini
713 1247 868 1288 corpus
898 1233 1085 1288 positum
1113 1239 1348 1284 veneratur,
1390 1238 1528 1273 castra
1557 1238 1738 1274 metasse

252 1289 508 1329 nuntiantur.
568 1289 816 1341 Ignorantes
846 1289 1000 1342 itaque,
1037 1288 1139 1343 quid
1169 1293 1476 1343 superventura
1505 1302 1592 1328 nox
1621 1302 1740 1343 pare-

253 1349 328 1396 ret,
358 1343 617 1385 temetolenti
636 1350 732 1398 post
751 1343 951 1384 nonnulla
979 1342 1144 1384 inutilia
1172 1343 1465 1398 tragodimata,
1496 1343 1540 1384 id
1561 1351 1625 1385 est
1643 1357 1741 1384 can-

252 1399 399 1451 tiones,
437 1413 584 1440 somno
615 1414 705 1440 sese
745 1399 911 1452 dedere,
950 1406 1139 1451 stertere,
1169 1413 1371 1439 nauseam
1414 1398 1485 1438 alii
1515 1400 1740 1454 *sumptus

253 1455 577 1510 intemperantia
606 1455 757 1496 facere.
814 1455 908 1495 Rex
938 1455 1079 1509 igitur,
1116 1469 1213 1494 cum
1243 1455 1372 1494 animi
1409 1455 1530 1495 ferox
1559 1460 1649 1495 tum
1678 1455 1740 1494 in-

251 1510 376 1564 genio
407 1509 575 1561 callens,
615 1510 659 1549 in
688 1511 780 1564 ipso
812 1524 882 1551 cos
912 1511 1046 1550 noctis
1083 1510 1310 1550 conticinio
1342 1510 1554 1565 opprimit,
1586 1509 1740 1550 dormi-

253 1572 368 1606 entes
398 1565 506 1617 ferit,
539 1567 764 1606 oscitantes
793 1564 968 1620 iugulat.
1017 1565 1202 1605 Ventum
1233 1564 1415 1620 denique
1445 1563 1499 1605 ad
1526 1565 1642 1620 ipsos
1664 1572 1739 1617 est,

253 1622 325 1676 qui
365 1621 489 1661 huius
530 1621 724 1662 ductores
769 1622 981 1662 exercitus
1026 1626 1154 1661 erant.
1224 1619 1416 1675 Cumque
1460 1620 1511 1660 iis
1555 1635 1640 1661 non
1685 1635 1740 1661 ex

252 1675 518 1717 multitudine
548 1676 666 1729 alius,
708 1675 782 1717 sed
812 1691 887 1717 rex
917 1677 1008 1732 ipse
1038 1675 1215 1731 preclari
1255 1675 1379 1716 huius
1408 1675 1604 1716 facinoris
1635 1690 1740 1716 nun-

250 1732 334 1772 tius
370 1738 500 1784 esset,
538 1746 623 1772 non
662 1731 756 1773 dico
796 1732 1037 1786 pugnandi,
1079 1746 1229 1772 verum
1267 1730 1457 1786 fugiendi
1486 1736 1618 1772 terror
1647 1732 1739 1786 ipse

251 1786 425 1828 abstulit
462 1786 719 1828 facultatem.
778 1788 938 1828 Verum
968 1786 1246 1841 Ildeprandus
1282 1786 1384 1841 fuga
1419 1785 1575 1841 lapsus,
1612 1785 1740 1828 Adel-

250 1841 418 1883 bertum
458 1843 566 1883 intra
608 1842 853 1883 animalium
889 1857 1068 1898 presepe
1097 1841 1329 1883 latitantem
1360 1841 1593 1897 dereliquit.
1654 1842 1741 1894 Qui

251 1898 354 1938 dum
384 1906 574 1952 repertus
604 1904 715 1939 esset
743 1906 869 1953 atque
899 1905 994 1939 ante
1024 1898 1135 1952 regis
1164 1898 1419 1953 presentiam
1449 1897 1612 1950 ductus,
1644 1912 1741 1939 eum

251 1951 347 1994 ilico
391 1954 449 1994 ita
493 1954 709 1995 convenit:
756 1953 961 1995 ‘Sibillino
1007 1953 1158 2009 spiritu
1197 1967 1375 1994 uxorem
1414 1959 1531 1993 tuam
1567 1953 1741 1994 Bertam

251 2008 525 2063 prophetasse
556 2010 779 2061 credimus,
811 2024 918 2065 quae
947 2015 988 2050 te
1020 2009 1194 2050 scientia
1217 2023 1293 2049 sua
1313 2023 1457 2063 regem
1478 2015 1553 2049 aut
1573 2009 1738 2049 asinum

251 2064 457 2104 facturam
487 2065 691 2119 promisit.
745 2065 907 2106 Verum
938 2065 1038 2120 quia
1067 2079 1210 2119 regem
1238 2063 1384 2117 noluit,
1415 2069 1499 2116 aut,
1528 2071 1575 2105 ut
1603 2064 1742 2119 magis

252 2119 508 2160 credendum
548 2126 622 2173 est,
661 2135 746 2161 non
783 2122 943 2176 potuit,
983 2121 1161 2173 asinum,
1201 2134 1254 2160 ne
1293 2121 1550 2172 mentiretur,
1588 2120 1738 2172 effecit,

252 2175 353 2215 dum
383 2182 424 2216 te
455 2189 550 2216 cum
570 2176 778 2217 Arcadiae
806 2175 1088 2231 pecuaribus*
1117 2175 1172 2216 ad
1201 2191 1377 2230 presepe
1408 2174 1616 2216 declinare
1647 2189 1739 2216 coe-

251 2230 344 2284 git’!
402 2231 600 2272 Preterea
629 2230 708 2272 hoc
739 2245 834 2272 cum
863 2233 943 2273 isto
973 2230 1162 2272 nonnulli
1202 2232 1444 2287 capiuntur,
1484 2231 1738 2283 vinciuntur,

251 2285 430 2341 Papiam
460 2286 682 2340 ducuntur,
716 2287 905 2329 custodie
936 2288 1246 2343 mancipantur.

363 2342 431 2382 42.
476 2342 555 2383 His
586 2343 645 2383 ita
673 2343 816 2398 gestis,
846 2358 922 2384 rex
951 2344 1102 2384 iterum
1122 2341 1375 2383 Lambertus
1397 2341 1557 2397 prefato
1578 2342 1623 2381 in
1642 2340 1734 2382 loco

251 2396 441 2437 Marinco
485 2399 782 2440 venationibus
813 2406 1057 2454 occupatur,
1091 2398 1230 2453 quoad
1272 2398 1459 2438 omnium
1496 2397 1738 2453 principum

253 2451 434 2506 decreto,
467 2452 570 2507 quid
600 2468 725 2508 super
745 2454 879 2509 captis
900 2453 1110 2508 agendum
1138 2460 1257 2505 esset,
1288 2451 1601 2494 deliberaretur.
1653 2451 1738 2494 Sed

254 2601 282 2633 a)
306 2601 324 2626 h
348 2603 373 2627 1.
456 2601 486 2633 b)
509 2602 677 2628 sanctisimi
704 2605 729 2630 1.

259 2716 294 2761 1)
322 2718 481 2751 Lotharii
507 2719 544 2752 II
570 2721 664 2762 regis
692 2725 726 2752 et
751 2721 969 2753 Waldradae
996 2721 1079 2762 filia,
1114 2722 1221 2763 priori
1255 2721 1475 2753 matrimonio
1503 2730 1582 2752 cum
1608 2720 1737 2753 Theot-

257 2766 363 2799 baldo
409 2769 536 2800 comite
580 2770 779 2801 coniuncta.
861 2770 915 2801 De
954 2769 1145 2802 Adalberto
1188 2769 1231 2802 cf.
1273 2769 1363 2801 infra
1402 2769 1462 2809 ΙΙ,
1502 2780 1531 2801 c.
1571 2768 1631 2801 38.
1678 2769 1735 2801 39.

258 2812 294 2855 2)
323 2815 377 2847 Cf.
405 2826 510 2858 supra
537 2827 566 2849 c.
595 2817 652 2849 34.
753 2817 791 2861 3)
820 2819 936 2859 Borgo
973 2819 1044 2850 San
1071 2819 1256 2857 Donnino;
1292 2818 1417 2850 fluvius
1443 2817 1549 2850 hodie
1585 2818 1734 2851 Stirone.

256 2861 294 2903 4)
324 2863 378 2895 Cf.
403 2863 500 2897 Pers.
528 2866 602 2898 Sat.
630 2866 699 2906 ΙΙΙ,
726 2866 765 2897 9;
793 2867 968 2899 Arcadiae
995 2868 1175 2909 pecuaria.
