<?xml version="1.0" encoding="UTF-8"?>
<!DOCTYPE html PUBLIC "-//W3C//DTD XHTML 1.0 Transitional//EN"
    "http://www.w3.org/TR/xhtml1/DTD/xhtml1-transitional.dtd">
<html xmlns="http://www.w3.org/1999/xhtml" xml:lang="en" lang="en">
 <head>
  <title>
</title>
<meta http-equiv="Content-Type" content="text/html;charset=utf-8" />
  <meta name='ocr-system' content='tesseract 3.04.00' />
  <meta name='ocr-capabilities' content='ocr_page ocr_carea ocr_par ocr_line ocrx_word'/>
</head>
<body>
  <div class='ocr_page' id='page_1' title='image "./operaomnia00liuduoft_0108.png"; bbox 0 0 1853 3193; ppageno 0'>
   <div class='ocr_carea' id='block_1_1' title="bbox 278 196 1586 232">
    <p class='ocr_par' dir='ltr' id='par_1_1' title="bbox 278 196 1586 232">
     <span class='ocr_line' id='line_1_1' title="bbox 278 196 1586 232; baseline 0.003 -6"><span class='ocrx_word' id='word_1_1' title='bbox 278 196 320 226; x_wconf 79' lang='lat'><strong>76</strong></span> <span class='ocrx_word' id='word_1_2' title='bbox 461 196 764 229; x_wconf 78' lang='lat' dir='ltr'>LIUDPRANDI</span> <span class='ocrx_word' id='word_1_3' title='bbox 791 198 1135 232; x_wconf 64' lang='lat' dir='ltr'><strong>AM¹APODOSIS.</strong></span> <span class='ocrx_word' id='word_1_4' title='bbox 1185 200 1376 232; x_wconf 80' lang='lat' dir='ltr'><strong>Llss.111.</strong></span> <span class='ocrx_word' id='word_1_5' title='bbox 1431 200 1586 232; x_wconf 77' lang='lat'><strong>47—50.</strong></span> 
     </span>
    </p>
   </div>
   <div class='ocr_carea' id='block_1_2' title="bbox 59 305 1760 2531">
    <p class='ocr_par' dir='ltr' id='par_1_2' title="bbox 59 305 1760 2531">
     <span class='ocr_line' id='line_1_2' title="bbox 277 305 1758 365; baseline 0.003 -19"><span class='ocrx_word' id='word_1_6' title='bbox 277 305 576 360; x_wconf 89' lang='lat' dir='ltr'><strong>comprobare&#39;.</strong></span> <span class='ocrx_word' id='word_1_7' title='bbox 655 307 781 359; x_wconf 74' lang='lat' dir='ltr'><strong>Quod</strong></span> <span class='ocrx_word' id='word_1_8' title='bbox 835 323 912 348; x_wconf 85' lang='lat' dir='ltr'><strong>rex</strong></span> <span class='ocrx_word' id='word_1_9' title='bbox 959 316 1006 350; x_wconf 86' lang='lat' dir='ltr'><strong>ut</strong></span> <span class='ocrx_word' id='word_1_10' title='bbox 1053 309 1229 362; x_wconf 84' lang='lat' dir='ltr'><strong>audivit,</strong></span> <span class='ocrx_word' id='word_1_11' title='bbox 1286 311 1482 351; x_wconf 88' lang='lat' dir='ltr'><strong>iuvenem</strong></span> <span class='ocrx_word' id='word_1_12' title='bbox 1533 310 1758 365; x_wconf 81' lang='lat' dir='ltr'>quendam,</span> 
     </span>
     <span class='ocr_line' id='line_1_3' title="bbox 275 361 1759 420; baseline 0.003 -19"><span class='ocrx_word' id='word_1_13' title='bbox 275 361 514 403; x_wconf 87' lang='lat' dir='ltr'><strong>Teudinum</strong></span> <span class='ocrx_word' id='word_1_14' title='bbox 544 363 726 414; x_wconf 88' lang='lat' dir='ltr'><strong>nomine,</strong></span> <span class='ocrx_word' id='word_1_15' title='bbox 765 363 900 417; x_wconf 84' lang='lat' dir='ltr'><strong>elegit,</strong></span> <span class='ocrx_word' id='word_1_16' title='bbox 942 364 1015 418; x_wconf 88' lang='lat' dir='ltr'><strong>qui</strong></span> <span class='ocrx_word' id='word_1_17' title='bbox 1055 378 1151 404; x_wconf 87' lang='lat' dir='ltr'><strong>cum</strong></span> <span class='ocrx_word' id='word_1_18' title='bbox 1193 379 1241 406; x_wconf 92' lang='lat' dir='ltr'><strong>eo</strong></span> <span class='ocrx_word' id='word_1_19' title='bbox 1279 365 1387 405; x_wconf 88' lang='lat' dir='ltr'><strong>hanc</strong></span> <span class='ocrx_word' id='word_1_20' title='bbox 1417 365 1470 406; x_wconf 91' lang='lat' dir='ltr'><strong>ob</strong></span> <span class='ocrx_word' id='word_1_21' title='bbox 1499 380 1589 406; x_wconf 89' lang='lat' dir='ltr'><strong>rem</strong></span> <span class='ocrx_word' id='word_1_22' title='bbox 1619 366 1759 420; x_wconf 82' lang='lat' dir='ltr'><strong>singu-</strong></span> 
     </span>
     <span class='ocr_line' id='line_1_4' title="bbox 59 416 1760 476; baseline 0.004 -19"><span class='ocrx_word' id='word_1_23' title='bbox 59 416 405 458; x_wconf 75' lang='lat' dir='ltr'><strong>Ps.118‚137.larem</strong></span> <span class='ocrx_word' id='word_1_24' title='bbox 440 432 627 473; x_wconf 82' lang='lat' dir='ltr'><strong>pugnam</strong></span> <span class='ocrx_word' id='word_1_25' title='bbox 670 418 892 459; x_wconf 87' lang='lat' dir='ltr'><strong>commisit.</strong></span> <span class='ocrx_word' id='word_1_26' title='bbox 959 419 1078 459; x_wconf 87' lang='lat' dir='ltr'><strong>Deus</strong></span> <span class='ocrx_word' id='word_1_27' title='bbox 1118 427 1270 473; x_wconf 89' lang='lat' dir='ltr'><strong>autem,</strong></span> <span class='ocrx_word' id='word_1_28' title='bbox 1315 422 1388 476; x_wconf 88' lang='lat' dir='ltr'><strong>qui</strong></span> <span class='ocrx_word' id='word_1_29' title='bbox 1426 422 1560 462; x_wconf 86' lang='lat' dir='ltr'><strong>iustus</strong></span> <span class='ocrx_word' id='word_1_30' title='bbox 1598 428 1672 473; x_wconf 88' lang='lat' dir='ltr'><strong>est,</strong></span> <span class='ocrx_word' id='word_1_31' title='bbox 1718 429 1760 463; x_wconf 83' lang='lat' dir='ltr'><strong>et</strong></span> 
     </span>
     <span class='ocr_line' id='line_1_5' title="bbox 143 464 1760 532; baseline 0.002 -19"><span class='ocrx_word' id='word_1_32' title='bbox 143 464 189 493; x_wconf 69' lang='lat'><strong>‘³¹&#39;</strong></span> <span class='ocrx_word' id='word_1_33' title='bbox 214 466 260 492; x_wconf 73' lang='lat'><strong>¹⁶·</strong></span> <span class='ocrx_word' id='word_1_34' title='bbox 273 480 436 514; x_wconf 87' lang='lat' dir='ltr'><strong>rectum</strong></span> <span class='ocrx_word' id='word_1_35' title='bbox 467 480 529 514; x_wconf 90' lang='lat' dir='ltr'><strong>est</strong></span> <span class='ocrx_word' id='word_1_36' title='bbox 556 473 761 513; x_wconf 88' lang='lat' dir='ltr'><strong>iudicium</strong></span> <span class='ocrx_word' id='word_1_37' title='bbox 791 473 892 525; x_wconf 90' lang='lat' dir='ltr'><strong>eius,</strong></span> <span class='ocrx_word' id='word_1_38' title='bbox 923 473 967 513; x_wconf 90' lang='lat' dir='ltr'><strong>in</strong></span> <span class='ocrx_word' id='word_1_39' title='bbox 998 489 1081 529; x_wconf 85' lang='lat' dir='ltr'><strong>quo</strong></span> <span class='ocrx_word' id='word_1_40' title='bbox 1102 490 1187 516; x_wconf 90' lang='lat' dir='ltr'><strong>non</strong></span> <span class='ocrx_word' id='word_1_41' title='bbox 1207 483 1270 516; x_wconf 91' lang='lat' dir='ltr'><strong>est</strong></span> <span class='ocrx_word' id='word_1_42' title='bbox 1289 476 1501 532; x_wconf 87' lang='lat' dir='ltr'><strong>iniquitas,</strong></span> <span class='ocrx_word' id='word_1_43' title='bbox 1532 482 1579 517; x_wconf 89' lang='lat' dir='ltr'><strong>ut</strong></span> <span class='ocrx_word' id='word_1_44' title='bbox 1598 476 1760 532; x_wconf 87' lang='lat' dir='ltr'><strong>amphi-</strong></span> 
     </span>
     <span class='ocr_line' id='line_1_6' title="bbox 275 526 1756 585; baseline 0.004 -17"><span class='ocrx_word' id='word_1_45' title='bbox 275 526 489 582; x_wconf 85' lang='lat' dir='ltr'><strong>bologiam</strong></span> <span class='ocrx_word' id='word_1_46' title='bbox 519 527 779 583; x_wconf 78' lang='lat' dir='ltr'>dirumperet</span> <span class='ocrx_word' id='word_1_47' title='bbox 813 542 863 568; x_wconf 89' lang='lat' dir='ltr'><strong>ac</strong></span> <span class='ocrx_word' id='word_1_48' title='bbox 903 529 1123 570; x_wconf 86' lang='lat' dir='ltr'><strong>veritatem</strong></span> <span class='ocrx_word' id='word_1_49' title='bbox 1161 532 1323 572; x_wconf 86' lang='lat' dir='ltr'><strong>cunctis</strong></span> <span class='ocrx_word' id='word_1_50' title='bbox 1360 531 1609 584; x_wconf 78' lang='lat' dir='ltr'><strong>ostenderet,</strong></span> <span class='ocrx_word' id='word_1_51' title='bbox 1645 531 1756 585; x_wconf 85' lang='lat' dir='ltr'><strong>fecit,</strong></span> 
     </span>
     <span class='ocr_line' id='line_1_7' title="bbox 273 583 1758 640; baseline 0.003 -17"><span class='ocrx_word' id='word_1_52' title='bbox 273 590 320 625; x_wconf 89' lang='lat' dir='ltr'><strong>ut</strong></span> <span class='ocrx_word' id='word_1_53' title='bbox 347 583 565 624; x_wconf 81' lang='lat' dir='ltr'><strong>Teudinus</strong></span> <span class='ocrx_word' id='word_1_54' title='bbox 596 584 798 624; x_wconf 80' lang='lat' dir='ltr'><strong>citissime</strong></span> <span class='ocrx_word' id='word_1_55' title='bbox 829 583 1008 637; x_wconf 82' lang='lat' dir='ltr'><strong>caderet,</strong></span> <span class='ocrx_word' id='word_1_56' title='bbox 1049 592 1089 626; x_wconf 91' lang='lat' dir='ltr'><strong>et</strong></span> <span class='ocrx_word' id='word_1_57' title='bbox 1118 585 1371 640; x_wconf 87' lang='lat' dir='ltr'><strong>Lampertus</strong></span> <span class='ocrx_word' id='word_1_58' title='bbox 1400 588 1622 628; x_wconf 87' lang='lat' dir='ltr'><strong>victoriam</strong></span> <span class='ocrx_word' id='word_1_59' title='bbox 1653 587 1758 628; x_wconf 80' lang='lat' dir='ltr'><strong>obti-</strong></span> 
     </span>
     <span class='ocr_line' id='line_1_8' title="bbox 272 637 1757 694; baseline 0.003 -15"><span class='ocrx_word' id='word_1_60' title='bbox 272 645 402 680; x_wconf 80' lang='lat' dir='ltr'><strong>neret.</strong></span> <span class='ocrx_word' id='word_1_61' title='bbox 461 637 749 689; x_wconf 76' lang='lat' dir='ltr'><strong>Quamobrem</strong></span> <span class='ocrx_word' id='word_1_62' title='bbox 778 654 855 679; x_wconf 85' lang='lat' dir='ltr'><strong>rex</strong></span> <span class='ocrx_word' id='word_1_63' title='bbox 884 639 1014 694; x_wconf 82' lang='lat' dir='ltr'><strong>Hugo</strong></span> <span class='ocrx_word' id='word_1_64' title='bbox 1044 655 1129 681; x_wconf 91' lang='lat' dir='ltr'><strong>non</strong></span> <span class='ocrx_word' id='word_1_65' title='bbox 1157 642 1424 683; x_wconf 82' lang='lat' dir='ltr'><strong>mediocriter</strong></span> <span class='ocrx_word' id='word_1_66' title='bbox 1453 650 1515 683; x_wconf 89' lang='lat' dir='ltr'><strong>est</strong></span> <span class='ocrx_word' id='word_1_67' title='bbox 1545 642 1757 684; x_wconf 79' lang='lat' dir='ltr'><strong>confusus.</strong></span> 
     </span>
     <span class='ocr_line' id='line_1_9' title="bbox 275 693 1758 749; baseline 0.003 -14"><span class='ocrx_word' id='word_1_68' title='bbox 275 693 462 735; x_wconf 88' lang='lat' dir='ltr'><strong>Consilio</strong></span> <span class='ocrx_word' id='word_1_69' title='bbox 493 700 634 735; x_wconf 86' lang='lat' dir='ltr'><strong>autem</strong></span> <span class='ocrx_word' id='word_1_70' title='bbox 663 700 850 749; x_wconf 84' lang='lat' dir='ltr'><strong>accepto,</strong></span> <span class='ocrx_word' id='word_1_71' title='bbox 881 696 1062 736; x_wconf 87' lang='lat' dir='ltr'><strong>eundem</strong></span> <span class='ocrx_word' id='word_1_72' title='bbox 1092 696 1365 738; x_wconf 86' lang='lat' dir='ltr'><strong>Lambertum</strong></span> <span class='ocrx_word' id='word_1_73' title='bbox 1394 699 1529 739; x_wconf 90' lang='lat' dir='ltr'><strong>tenuit</strong></span> <span class='ocrx_word' id='word_1_74' title='bbox 1558 705 1599 740; x_wconf 86' lang='lat' dir='ltr'><strong>et</strong></span> <span class='ocrx_word' id='word_1_75' title='bbox 1621 705 1758 740; x_wconf 88' lang='lat' dir='ltr'><strong>custo-</strong></span> 
     </span>
     <span class='ocr_line' id='line_1_10' title="bbox 273 749 1757 809; baseline 0.004 -20"><span class='ocrx_word' id='word_1_76' title='bbox 273 749 367 790; x_wconf 89' lang='lat' dir='ltr'><strong>diae</strong></span> <span class='ocrx_word' id='word_1_77' title='bbox 398 749 580 789; x_wconf 77' lang='lat' dir='ltr'><strong>tradidit.</strong></span> <span class='ocrx_word' id='word_1_78' title='bbox 641 749 859 791; x_wconf 86' lang='lat' dir='ltr'><strong>Timuerat</strong></span> <span class='ocrx_word' id='word_1_79' title='bbox 889 751 1013 803; x_wconf 90' lang='lat' dir='ltr'><strong>enim,</strong></span> <span class='ocrx_word' id='word_1_80' title='bbox 1054 766 1119 800; x_wconf 71' lang='lat' dir='ltr'><strong>ne,</strong></span> <span class='ocrx_word' id='word_1_81' title='bbox 1160 753 1194 792; x_wconf 86' lang='lat' dir='ltr'><strong>si</strong></span> <span class='ocrx_word' id='word_1_82' title='bbox 1225 767 1268 793; x_wconf 89' lang='lat' dir='ltr'><strong>se</strong></span> <span class='ocrx_word' id='word_1_83' title='bbox 1299 752 1541 806; x_wconf 86' lang='lat' dir='ltr'><strong>dimitteret,</strong></span> <span class='ocrx_word' id='word_1_84' title='bbox 1578 769 1757 809; x_wconf 84' lang='lat' dir='ltr'><strong>regnum</strong></span> 
     </span>
     <span class='ocr_line' id='line_1_11' title="bbox 272 803 1758 861; baseline 0.004 -17"><span class='ocrx_word' id='word_1_85' title='bbox 272 803 332 845; x_wconf 89' lang='lat' dir='ltr'><strong>illi</strong></span> <span class='ocrx_word' id='word_1_86' title='bbox 371 804 565 845; x_wconf 80' lang='lat' dir='ltr'><strong>auferret.</strong></span> <span class='ocrx_word' id='word_1_87' title='bbox 633 804 728 845; x_wconf 92' lang='lat' dir='ltr'><strong>Hoc</strong></span> <span class='ocrx_word' id='word_1_88' title='bbox 763 805 894 860; x_wconf 83' lang='lat' dir='ltr'><strong>igitur</strong></span> <span class='ocrx_word' id='word_1_89' title='bbox 933 813 1069 861; x_wconf 87' lang='lat' dir='ltr'><strong>capto,</strong></span> <span class='ocrx_word' id='word_1_90' title='bbox 1109 807 1269 849; x_wconf 88' lang='lat' dir='ltr'><strong>Bosoni</strong></span> <span class='ocrx_word' id='word_1_91' title='bbox 1307 808 1425 850; x_wconf 73' lang='lat' dir='ltr'><strong>fratri</strong></span> <span class='ocrx_word' id='word_1_92' title='bbox 1463 823 1538 849; x_wconf 86' lang='lat' dir='ltr'><strong>suo</strong></span> <span class='ocrx_word' id='word_1_93' title='bbox 1577 809 1758 850; x_wconf 80' lang='lat' dir='ltr'><strong>Tusciae</strong></span> 
     </span>
     <span class='ocr_line' id='line_1_12' title="bbox 272 860 1759 918; baseline 0.004 -19"><span class='ocrx_word' id='word_1_94' title='bbox 272 874 458 900; x_wconf 78' lang='lat' dir='ltr'><strong>marcam</strong></span> <span class='ocrx_word' id='word_1_95' title='bbox 490 860 788 913; x_wconf 81' lang='lat' dir='ltr'><strong>contradidit13</strong></span> <span class='ocrx_word' id='word_1_96' title='bbox 825 868 865 902; x_wconf 92' lang='lat' dir='ltr'><strong>et</strong></span> <span class='ocrx_word' id='word_1_97' title='bbox 894 876 979 902; x_wconf 87' lang='lat' dir='ltr'><strong>non</strong></span> <span class='ocrx_word' id='word_1_98' title='bbox 1008 861 1139 904; x_wconf 88' lang='lat' dir='ltr'><strong>multo</strong></span> <span class='ocrx_word' id='word_1_99' title='bbox 1170 871 1266 918; x_wconf 87' lang='lat' dir='ltr'><strong>post</strong></span> <span class='ocrx_word' id='word_1_100' title='bbox 1295 862 1570 905; x_wconf 87' lang='lat' dir='ltr'><strong>Lambertum</strong></span> <span class='ocrx_word' id='word_1_101' title='bbox 1600 863 1759 905; x_wconf 84' lang='lat' dir='ltr'><strong>lumine</strong></span> 
     </span>
     <span class='ocr_line' id='line_1_13' title="bbox 272 915 466 971; baseline -0.005 -15"><span class='ocrx_word' id='word_1_102' title='bbox 272 915 466 971; x_wconf 88' lang='lat' dir='ltr'><strong>privavit.</strong></span> 
     </span>
     <span class='ocr_line' id='line_1_14' title="bbox 383 971 1760 1030; baseline 0.004 -19"><span class='ocrx_word' id='word_1_103' title='bbox 383 971 450 1012; x_wconf 76' lang='lat'><strong>48.</strong></span> <span class='ocrx_word' id='word_1_104' title='bbox 508 971 588 1012; x_wconf 89' lang='lat' dir='ltr'><strong>His</strong></span> <span class='ocrx_word' id='word_1_105' title='bbox 625 971 887 1026; x_wconf 84' lang='lat' dir='ltr'><strong>temporibus</strong></span> <span class='ocrx_word' id='word_1_106' title='bbox 925 972 1143 1014; x_wconf 86' lang='lat' dir='ltr'><strong>Italienses</strong></span> <span class='ocrx_word' id='word_1_107' title='bbox 1180 974 1223 1014; x_wconf 92' lang='lat' dir='ltr'><strong>in</strong></span> <span class='ocrx_word' id='word_1_108' title='bbox 1260 974 1554 1030; x_wconf 84' lang='lat' dir='ltr'><strong>Burgundiam</strong></span> <span class='ocrx_word' id='word_1_109' title='bbox 1594 975 1646 1016; x_wconf 94' lang='lat' dir='ltr'><strong>ob</strong></span> <span class='ocrx_word' id='word_1_110' title='bbox 1676 975 1760 1016; x_wconf 86' lang='lat' dir='ltr'><strong>Ro-</strong></span> 
     </span>
     <span class='ocr_line' id='line_1_15' title="bbox 177 1025 1758 1086; baseline 0.004 -20"><span class='ocrx_word' id='word_1_111' title='bbox 177 1025 451 1080; x_wconf 68' lang='lat' dir='ltr'><strong>933‘2dulfum,</strong></span> <span class='ocrx_word' id='word_1_112' title='bbox 483 1033 529 1067; x_wconf 91' lang='lat' dir='ltr'><strong>ut</strong></span> <span class='ocrx_word' id='word_1_113' title='bbox 558 1027 766 1079; x_wconf 81' lang='lat' dir='ltr'><strong>adveniat,</strong></span> <span class='ocrx_word' id='word_1_114' title='bbox 796 1028 978 1069; x_wconf 89' lang='lat' dir='ltr'><strong>mittunt.</strong></span> <span class='ocrx_word' id='word_1_115' title='bbox 1039 1028 1166 1080; x_wconf 72' lang='lat' dir='ltr'><strong>Quod</strong></span> <span class='ocrx_word' id='word_1_116' title='bbox 1206 1030 1334 1084; x_wconf 86' lang='lat' dir='ltr'><strong>Hugo</strong></span> <span class='ocrx_word' id='word_1_117' title='bbox 1374 1045 1450 1071; x_wconf 80' lang='lat' dir='ltr'><strong>rex</strong></span> <span class='ocrx_word' id='word_1_118' title='bbox 1488 1037 1533 1071; x_wconf 87' lang='lat' dir='ltr'><strong>ut</strong></span> <span class='ocrx_word' id='word_1_119' title='bbox 1571 1031 1758 1086; x_wconf 81' lang='lat' dir='ltr'><strong>agnovit,</strong></span> 
     </span>
     <span class='ocr_line' id='line_1_16' title="bbox 272 1081 1760 1141; baseline 0.003 -19"><span class='ocrx_word' id='word_1_120' title='bbox 272 1082 429 1123; x_wconf 86' lang='lat' dir='ltr'><strong>nuntiis</strong></span> <span class='ocrx_word' id='word_1_121' title='bbox 460 1081 516 1123; x_wconf 87' lang='lat' dir='ltr'><strong>ad</strong></span> <span class='ocrx_word' id='word_1_122' title='bbox 546 1082 726 1123; x_wconf 88' lang='lat' dir='ltr'><strong>eundem</strong></span> <span class='ocrx_word' id='word_1_123' title='bbox 758 1082 940 1136; x_wconf 87' lang='lat' dir='ltr'><strong>directis,</strong></span> <span class='ocrx_word' id='word_1_124' title='bbox 972 1098 1139 1125; x_wconf 88' lang='lat' dir='ltr'><strong>omnem</strong></span> <span class='ocrx_word' id='word_1_125' title='bbox 1177 1093 1331 1126; x_wconf 88' lang='lat' dir='ltr'><strong>terram</strong></span> <span class='ocrx_word' id='word_1_126' title='bbox 1372 1101 1499 1141; x_wconf 88' lang='lat' dir='ltr'><strong>quam</strong></span> <span class='ocrx_word' id='word_1_127' title='bbox 1536 1086 1579 1126; x_wconf 91' lang='lat' dir='ltr'><strong>in</strong></span> <span class='ocrx_word' id='word_1_128' title='bbox 1620 1085 1760 1127; x_wconf 81' lang='lat' dir='ltr'><strong>Gallia</strong></span> 
     </span>
     <span class='ocr_line' id='line_1_17' title="bbox 272 1139 1758 1197; baseline 0.002 -19"><span class='ocrx_word' id='word_1_129' title='bbox 272 1145 368 1178; x_wconf 88' lang='lat' dir='ltr'><strong>ante</strong></span> <span class='ocrx_word' id='word_1_130' title='bbox 407 1139 527 1193; x_wconf 83' lang='lat' dir='ltr'><strong>regni</strong></span> <span class='ocrx_word' id='word_1_131' title='bbox 569 1139 904 1193; x_wconf 81' lang='lat' dir='ltr'><strong>susceptionema</strong></span> <span class='ocrx_word' id='word_1_132' title='bbox 935 1141 1067 1181; x_wconf 85' lang='lat' dir='ltr'><strong>tenuit</strong></span> <span class='ocrx_word' id='word_1_133' title='bbox 1096 1141 1278 1182; x_wconf 86' lang='lat' dir='ltr'><strong>Rodulfo</strong></span> <span class='ocrx_word' id='word_1_134' title='bbox 1309 1141 1435 1193; x_wconf 81' lang='lat' dir='ltr'><strong>dedit,</strong></span> <span class='ocrx_word' id='word_1_135' title='bbox 1467 1149 1594 1197; x_wconf 89' lang='lat' dir='ltr'><strong>atque</strong></span> <span class='ocrx_word' id='word_1_136' title='bbox 1623 1142 1677 1183; x_wconf 90' lang='lat' dir='ltr'><strong>ab</strong></span> <span class='ocrx_word' id='word_1_137' title='bbox 1708 1156 1758 1182; x_wconf 91' lang='lat' dir='ltr'><strong>eo</strong></span> 
     </span>
     <span class='ocr_line' id='line_1_18' title="bbox 271 1193 1758 1252; baseline 0.003 -19"><span class='ocrx_word' id='word_1_138' title='bbox 271 1193 577 1246; x_wconf 88' lang='lat' dir='ltr'><strong>iusiurandum,</strong></span> <span class='ocrx_word' id='word_1_139' title='bbox 607 1209 659 1235; x_wconf 91' lang='lat' dir='ltr'><strong>ne</strong></span> <span class='ocrx_word' id='word_1_140' title='bbox 691 1193 915 1250; x_wconf 86' lang='lat' dir='ltr'><strong>aliquando</strong></span> <span class='ocrx_word' id='word_1_141' title='bbox 946 1196 989 1236; x_wconf 90' lang='lat' dir='ltr'><strong>in</strong></span> <span class='ocrx_word' id='word_1_142' title='bbox 1017 1195 1182 1236; x_wconf 87' lang='lat' dir='ltr'><strong>Italiam</strong></span> <span class='ocrx_word' id='word_1_143' title='bbox 1212 1198 1384 1250; x_wconf 86' lang='lat' dir='ltr'><strong>veniret,</strong></span> <span class='ocrx_word' id='word_1_144' title='bbox 1415 1198 1579 1252; x_wconf 88' lang='lat' dir='ltr'><strong>accepit</strong></span> <span class='ocrx_word' id='word_1_145' title='bbox 1591 1205 1620 1237; x_wconf 86' lang='lat'><strong>².</strong></span> <span class='ocrx_word' id='word_1_146' title='bbox 1666 1197 1758 1238; x_wconf 84' lang='lat' dir='ltr'><strong>Nec</strong></span> 
     </span>
     <span class='ocr_line' id='line_1_19' title="bbox 272 1249 1756 1307; baseline 0.003 -18"><span class='ocrx_word' id='word_1_147' title='bbox 272 1250 410 1289; x_wconf 88' lang='lat' dir='ltr'><strong>minus</strong></span> <span class='ocrx_word' id='word_1_148' title='bbox 442 1250 567 1290; x_wconf 90' lang='lat' dir='ltr'><strong>etiam</strong></span> <span class='ocrx_word' id='word_1_149' title='bbox 598 1249 861 1303; x_wconf 89' lang='lat' dir='ltr'><strong>Heinricum,</strong></span> <span class='ocrx_word' id='word_1_150' title='bbox 903 1266 1028 1306; x_wconf 87' lang='lat' dir='ltr'><strong>quem</strong></span> <span class='ocrx_word' id='word_1_151' title='bbox 1069 1266 1197 1306; x_wconf 89' lang='lat' dir='ltr'><strong>supra</strong></span> <span class='ocrx_word' id='word_1_152' title='bbox 1236 1254 1575 1305; x_wconf 77' lang='lat' dir='ltr'><strong>memoravimus,</strong></span> <span class='ocrx_word' id='word_1_153' title='bbox 1612 1267 1756 1307; x_wconf 82' lang='lat' dir='ltr'><strong>regem</strong></span> 
     </span>
     <span class='ocr_line' id='line_1_20' title="bbox 270 1304 1755 1361; baseline 0.003 -16"><span class='ocrx_word' id='word_1_154' title='bbox 270 1304 558 1357; x_wconf 86' lang='lat' dir='ltr'><strong>fortissimum,</strong></span> <span class='ocrx_word' id='word_1_155' title='bbox 590 1305 731 1346; x_wconf 87' lang='lat' dir='ltr'><strong>multis</strong></span> <span class='ocrx_word' id='word_1_156' title='bbox 763 1305 921 1347; x_wconf 88' lang='lat' dir='ltr'><strong>collatis</strong></span> <span class='ocrx_word' id='word_1_157' title='bbox 955 1308 1201 1348; x_wconf 88' lang='lat' dir='ltr'><strong>muneribus</strong></span> <span class='ocrx_word' id='word_1_158' title='bbox 1231 1309 1415 1350; x_wconf 86' lang='lat' dir='ltr'><strong>amicum</strong></span> <span class='ocrx_word' id='word_1_159' title='bbox 1438 1308 1516 1349; x_wconf 88' lang='lat' dir='ltr'><strong>sibi</strong></span> <span class='ocrx_word' id='word_1_160' title='bbox 1537 1308 1755 1361; x_wconf 81' lang='lat' dir='ltr'><strong>effecerat3</strong></span> 
     </span>
     <span class='ocr_line' id='line_1_21' title="bbox 189 1361 1757 1419; baseline 0.003 -20"><span class='ocrx_word' id='word_1_161' title='bbox 189 1373 253 1399; x_wconf 69' lang='lat'><strong>934.</strong></span> <span class='ocrx_word' id='word_1_162' title='bbox 271 1361 391 1401; x_wconf 84' lang='lat' dir='ltr'><strong>cuius</strong></span> <span class='ocrx_word' id='word_1_163' title='bbox 413 1375 467 1401; x_wconf 80' lang='lat' dir='ltr'><strong>ex</strong></span> <span class='ocrx_word' id='word_1_164' title='bbox 494 1361 575 1401; x_wconf 89' lang='lat' dir='ltr'><strong>hoc</strong></span> <span class='ocrx_word' id='word_1_165' title='bbox 604 1361 719 1415; x_wconf 86' lang='lat' dir='ltr'><strong>apud</strong></span> <span class='ocrx_word' id='word_1_166' title='bbox 749 1361 878 1402; x_wconf 88' lang='lat' dir='ltr'><strong>Italos</strong></span> <span class='ocrx_word' id='word_1_167' title='bbox 907 1376 1062 1403; x_wconf 88' lang='lat' dir='ltr'><strong>nomen</strong></span> <span class='ocrx_word' id='word_1_168' title='bbox 1092 1364 1276 1405; x_wconf 80' lang='lat' dir='ltr'><strong>maxime</strong></span> <span class='ocrx_word' id='word_1_169' title='bbox 1297 1371 1396 1404; x_wconf 87' lang='lat' dir='ltr'><strong>tunc</strong></span> <span class='ocrx_word' id='word_1_170' title='bbox 1421 1363 1618 1417; x_wconf 75' lang='lat' dir='ltr'><strong>clarebat,</strong></span> <span class='ocrx_word' id='word_1_171' title='bbox 1640 1364 1757 1419; x_wconf 90' lang='lat' dir='ltr'><strong>quod</strong></span> 
     </span>
     <span class='ocr_line' id='line_1_22' title="bbox 270 1415 1756 1473; baseline 0.004 -18"><span class='ocrx_word' id='word_1_172' title='bbox 270 1416 434 1468; x_wconf 72' lang='lat' dir='ltr'><strong>Danos,</strong></span> <span class='ocrx_word' id='word_1_173' title='bbox 464 1415 567 1456; x_wconf 90' lang='lat' dir='ltr'><strong>nulli</strong></span> <span class='ocrx_word' id='word_1_174' title='bbox 599 1424 695 1457; x_wconf 86' lang='lat' dir='ltr'><strong>ante</strong></span> <span class='ocrx_word' id='word_1_175' title='bbox 734 1416 958 1469; x_wconf 87' lang='lat' dir='ltr'><strong>subiectos,</strong></span> <span class='ocrx_word' id='word_1_176' title='bbox 997 1417 1108 1458; x_wconf 88' lang='lat' dir='ltr'><strong>solus</strong></span> <span class='ocrx_word' id='word_1_177' title='bbox 1145 1419 1235 1473; x_wconf 85' lang='lat' dir='ltr'><strong>ipse</strong></span> <span class='ocrx_word' id='word_1_178' title='bbox 1271 1419 1502 1460; x_wconf 82' lang='lat' dir='ltr'><strong>debellaret</strong></span> <span class='ocrx_word' id='word_1_179' title='bbox 1537 1434 1587 1460; x_wconf 87' lang='lat' dir='ltr'><strong>ac</strong></span> <span class='ocrx_word' id='word_1_180' title='bbox 1625 1420 1756 1460; x_wconf 84' lang='lat' dir='ltr'><strong>tribu-</strong></span> 
     </span>
     <span class='ocr_line' id='line_1_23' title="bbox 268 1471 1757 1530; baseline 0.002 -18"><span class='ocrx_word' id='word_1_181' title='bbox 268 1472 396 1512; x_wconf 88' lang='lat' dir='ltr'><strong>tarios</strong></span> <span class='ocrx_word' id='word_1_182' title='bbox 425 1471 594 1512; x_wconf 87' lang='lat' dir='ltr'><strong>faceret.</strong></span> <span class='ocrx_word' id='word_1_183' title='bbox 653 1471 731 1512; x_wconf 88' lang='lat' dir='ltr'><strong>Est</strong></span> <span class='ocrx_word' id='word_1_184' title='bbox 761 1472 872 1513; x_wconf 89' lang='lat' dir='ltr'><strong>enim</strong></span> <span class='ocrx_word' id='word_1_185' title='bbox 902 1487 1006 1527; x_wconf 83' lang='lat' dir='ltr'><strong>gens</strong></span> <span class='ocrx_word' id='word_1_186' title='bbox 1036 1473 1251 1527; x_wconf 88' lang='lat' dir='ltr'><strong>indomita,</strong></span> <span class='ocrx_word' id='word_1_187' title='bbox 1293 1476 1370 1517; x_wconf 89' lang='lat' dir='ltr'><strong>sub</strong></span> <span class='ocrx_word' id='word_1_188' title='bbox 1401 1475 1685 1530; x_wconf 83' lang='lat' dir='ltr'><strong>septentrione</strong></span> <span class='ocrx_word' id='word_1_189' title='bbox 1714 1475 1757 1515; x_wconf 91' lang='lat' dir='ltr'><strong>in</strong></span> 
     </span>
     <span class='ocr_line' id='line_1_24' title="bbox 271 1526 1756 1586; baseline 0.003 -19"><span class='ocrx_word' id='word_1_190' title='bbox 271 1541 428 1568; x_wconf 88' lang='lat' dir='ltr'><strong>oceano</strong></span> <span class='ocrx_word' id='word_1_191' title='bbox 469 1526 639 1582; x_wconf 85' lang='lat' dir='ltr'><strong>degens,</strong></span> <span class='ocrx_word' id='word_1_192' title='bbox 681 1528 802 1568; x_wconf 88' lang='lat' dir='ltr'><strong>cuius</strong></span> <span class='ocrx_word' id='word_1_193' title='bbox 833 1529 981 1569; x_wconf 84' lang='lat' dir='ltr'><strong>sevitia</strong></span> <span class='ocrx_word' id='word_1_194' title='bbox 1011 1529 1238 1570; x_wconf 87' lang='lat' dir='ltr'><strong>multarum</strong></span> <span class='ocrx_word' id='word_1_195' title='bbox 1269 1545 1394 1586; x_wconf 86' lang='lat' dir='ltr'><strong>saepe</strong></span> <span class='ocrx_word' id='word_1_196' title='bbox 1425 1531 1613 1585; x_wconf 81' lang='lat' dir='ltr'><strong>gentium</strong></span> <span class='ocrx_word' id='word_1_197' title='bbox 1638 1530 1756 1571; x_wconf 90' lang='lat' dir='ltr'><strong>nobi-</strong></span> 
     </span>
     <span class='ocr_line' id='line_1_25' title="bbox 89 1581 1754 1641; baseline 0.003 -20"><span class='ocrx_word' id='word_1_198' title='bbox 89 1594 252 1621; x_wconf 73' lang='lat'><strong>881—882.</strong></span> <span class='ocrx_word' id='word_1_199' title='bbox 267 1581 361 1623; x_wconf 89' lang='lat' dir='ltr'><strong>litas</strong></span> <span class='ocrx_word' id='word_1_200' title='bbox 393 1582 513 1623; x_wconf 85' lang='lat' dir='ltr'><strong>luxit.</strong></span> <span class='ocrx_word' id='word_1_201' title='bbox 574 1583 631 1623; x_wconf 87' lang='lat' dir='ltr'><strong>Hi</strong></span> <span class='ocrx_word' id='word_1_202' title='bbox 650 1582 875 1639; x_wconf 84' lang='lat' dir='ltr'><strong>aliquando</strong></span> <span class='ocrx_word' id='word_1_203' title='bbox 898 1583 1103 1625; x_wconf 85' lang='lat' dir='ltr'><strong>classibus</strong></span> <span class='ocrx_word' id='word_1_204' title='bbox 1128 1601 1205 1641; x_wconf 88' lang='lat' dir='ltr'><strong>per</strong></span> <span class='ocrx_word' id='word_1_205' title='bbox 1224 1586 1361 1627; x_wconf 85' lang='lat' dir='ltr'><strong>Rheni</strong></span> <span class='ocrx_word' id='word_1_206' title='bbox 1381 1586 1566 1627; x_wconf 88' lang='lat' dir='ltr'><strong>fluminis</strong></span> <span class='ocrx_word' id='word_1_207' title='bbox 1585 1585 1754 1627; x_wconf 88' lang='lat' dir='ltr'><strong>alveum</strong></span> 
     </span>
     <span class='ocr_line' id='line_1_26' title="bbox 270 1638 1754 1697; baseline 0.003 -18"><span class='ocrx_word' id='word_1_208' title='bbox 270 1638 613 1690; x_wconf 85' lang='lat' dir='ltr'><strong>conscendentes,</strong></span> <span class='ocrx_word' id='word_1_209' title='bbox 644 1639 754 1680; x_wconf 90' lang='lat' dir='ltr'><strong>ferro</strong></span> <span class='ocrx_word' id='word_1_210' title='bbox 785 1646 825 1681; x_wconf 88' lang='lat' dir='ltr'><strong>et</strong></span> <span class='ocrx_word' id='word_1_211' title='bbox 856 1640 943 1694; x_wconf 84' lang='lat' dir='ltr'><strong>igni</strong></span> <span class='ocrx_word' id='word_1_212' title='bbox 984 1648 1137 1681; x_wconf 89' lang='lat' dir='ltr'><strong>cuncta</strong></span> <span class='ocrx_word' id='word_1_213' title='bbox 1172 1642 1324 1683; x_wconf 84' lang='lat' dir='ltr'><strong>misere</strong></span> <span class='ocrx_word' id='word_1_214' title='bbox 1363 1641 1594 1695; x_wconf 70' lang='lat' dir='ltr'><strong>laniarunt,</strong></span> <span class='ocrx_word' id='word_1_215' title='bbox 1637 1642 1754 1697; x_wconf 85' lang='lat' dir='ltr'><strong>ipsas</strong></span> 
     </span>
     <span class='ocr_line' id='line_1_27' title="bbox 269 1693 1755 1754; baseline 0.003 -20"><span class='ocrx_word' id='word_1_216' title='bbox 269 1694 443 1750; x_wconf 89' lang='lat' dir='ltr'><strong>insuper</strong></span> <span class='ocrx_word' id='word_1_217' title='bbox 486 1693 769 1735; x_wconf 87' lang='lat' dir='ltr'><strong>nobilissimas</strong></span> <span class='ocrx_word' id='word_1_218' title='bbox 809 1695 1015 1748; x_wconf 88' lang='lat' dir='ltr'><strong>civitates,</strong></span> <span class='ocrx_word' id='word_1_219' title='bbox 1052 1696 1335 1754; x_wconf 82' lang='lat' dir='ltr'><strong>Agrippinam</strong></span> <span class='ocrx_word' id='word_1_220' title='bbox 1377 1712 1484 1753; x_wconf 86' lang='lat' dir='ltr'><strong>quae</strong></span> <span class='ocrx_word' id='word_1_221' title='bbox 1523 1712 1635 1739; x_wconf 88' lang='lat' dir='ltr'><strong>nunc</strong></span> <span class='ocrx_word' id='word_1_222' title='bbox 1675 1697 1755 1740; x_wconf 85' lang='lat' dir='ltr'><strong>Co-</strong></span> 
     </span>
     <span class='ocr_line' id='line_1_28' title="bbox 268 1749 1754 1808; baseline 0.003 -18"><span class='ocrx_word' id='word_1_223' title='bbox 268 1749 382 1790; x_wconf 88' lang='lat' dir='ltr'><strong>lonia</strong></span> <span class='ocrx_word' id='word_1_224' title='bbox 410 1756 598 1802; x_wconf 81' lang='lat' dir='ltr'><strong>vocatur,</strong></span> <span class='ocrx_word' id='word_1_225' title='bbox 629 1758 755 1806; x_wconf 86' lang='lat' dir='ltr'><strong>atque</strong></span> <span class='ocrx_word' id='word_1_226' title='bbox 785 1750 1004 1792; x_wconf 85' lang='lat' dir='ltr'><strong>Treverim</strong></span> <span class='ocrx_word' id='word_1_227' title='bbox 1034 1751 1160 1807; x_wconf 84' lang='lat' dir='ltr'><strong>longe</strong></span> <span class='ocrx_word' id='word_1_228' title='bbox 1190 1768 1216 1794; x_wconf 87' lang='lat' dir='ltr'><strong>a</strong></span> <span class='ocrx_word' id='word_1_229' title='bbox 1244 1753 1391 1794; x_wconf 87' lang='lat' dir='ltr'><strong>Rheno</strong></span> <span class='ocrx_word' id='word_1_230' title='bbox 1421 1754 1616 1808; x_wconf 83' lang='lat' dir='ltr'><strong>positam,</strong></span> <span class='ocrx_word' id='word_1_231' title='bbox 1652 1768 1754 1795; x_wconf 91' lang='lat' dir='ltr'><strong>non—</strong></span> 
     </span>
     <span class='ocr_line' id='line_1_29' title="bbox 268 1804 1754 1864; baseline 0.003 -18"><span class='ocrx_word' id='word_1_232' title='bbox 268 1804 487 1860; x_wconf 82' lang='lat' dir='ltr'><strong>nullasque</strong></span> <span class='ocrx_word' id='word_1_233' title='bbox 523 1805 626 1846; x_wconf 86' lang='lat' dir='ltr'><strong>alias</strong></span> <span class='ocrx_word' id='word_1_234' title='bbox 663 1807 708 1846; x_wconf 91' lang='lat' dir='ltr'><strong>in</strong></span> <span class='ocrx_word' id='word_1_235' title='bbox 746 1821 876 1861; x_wconf 82' lang='lat' dir='ltr'><strong>regno</strong></span> <span class='ocrx_word' id='word_1_236' title='bbox 914 1807 1103 1848; x_wconf 86' lang='lat' dir='ltr'><strong>Lotharii</strong></span> <span class='ocrx_word' id='word_1_237' title='bbox 1147 1808 1404 1850; x_wconf 82' lang='lat' dir='ltr'><strong>debellantes</strong></span> <span class='ocrx_word' id='word_1_238' title='bbox 1447 1810 1491 1849; x_wconf 89' lang='lat' dir='ltr'><strong>vi</strong></span> <span class='ocrx_word' id='word_1_239' title='bbox 1537 1816 1754 1864; x_wconf 69' lang='lat' dir='ltr'><strong>ceperunt,</strong></span> 
     </span>
     <span class='ocr_line' id='line_1_30' title="bbox 269 1861 1754 1919; baseline 0.003 -17"><span class='ocrx_word' id='word_1_240' title='bbox 269 1862 516 1916; x_wconf 83' lang='lat' dir='ltr'><strong>cunctisque</strong></span> <span class='ocrx_word' id='word_1_241' title='bbox 537 1861 702 1914; x_wconf 87' lang='lat' dir='ltr'><strong>ablatis,</strong></span> <span class='ocrx_word' id='word_1_242' title='bbox 729 1876 778 1902; x_wconf 89' lang='lat' dir='ltr'><strong>ea</strong></span> <span class='ocrx_word' id='word_1_243' title='bbox 799 1876 907 1917; x_wconf 86' lang='lat' dir='ltr'><strong>quae</strong></span> <span class='ocrx_word' id='word_1_244' title='bbox 936 1878 1079 1904; x_wconf 88' lang='grc'><strong>50011111</strong></span> <span class='ocrx_word' id='word_1_245' title='bbox 1108 1864 1270 1906; x_wconf 87' lang='lat' dir='ltr'><strong>deferre</strong></span> <span class='ocrx_word' id='word_1_246' title='bbox 1300 1880 1385 1906; x_wconf 92' lang='lat' dir='ltr'><strong>non</strong></span> <span class='ocrx_word' id='word_1_247' title='bbox 1405 1871 1611 1919; x_wconf 88' lang='lat' dir='ltr'><strong>poterant,</strong></span> <span class='ocrx_word' id='word_1_248' title='bbox 1643 1879 1754 1906; x_wconf 88' lang='lat' dir='ltr'><strong>com-</strong></span> 
     </span>
     <span class='ocr_line' id='line_1_31' title="bbox 269 1917 1754 1976; baseline 0.003 -19"><span class='ocrx_word' id='word_1_249' title='bbox 269 1917 508 1958; x_wconf 88' lang='lat' dir='ltr'><strong>busserunt.</strong></span> <span class='ocrx_word' id='word_1_250' title='bbox 535 1917 739 1958; x_wconf 88' lang='lat' dir='ltr'><strong>Thermas</strong></span> <span class='ocrx_word' id='word_1_251' title='bbox 757 1919 882 1959; x_wconf 87' lang='lat' dir='ltr'><strong>etiam</strong></span> <span class='ocrx_word' id='word_1_252' title='bbox 892 1918 1024 1960; x_wconf 83' lang='lat' dir='ltr'><strong>Grani</strong></span> <span class='ocrx_word' id='word_1_253' title='bbox 1041 1919 1186 1975; x_wconf 85' lang='lat' dir='ltr'><strong>palatii</strong></span> <span class='ocrx_word' id='word_1_254' title='bbox 1201 1927 1329 1976; x_wconf 88' lang='lat' dir='ltr'><strong>atque</strong></span> <span class='ocrx_word' id='word_1_255' title='bbox 1344 1920 1502 1976; x_wconf 87' lang='lat' dir='ltr'><strong>palatia</strong></span> <span class='ocrx_word' id='word_1_256' title='bbox 1513 1921 1754 1962; x_wconf 81' lang='lat' dir='ltr'><strong>combusse-</strong></span> 
     </span>
     <span class='ocr_line' id='line_1_32' title="bbox 267 1973 1697 2026; baseline 0.002 -13"><span class='ocrx_word' id='word_1_257' title='bbox 267 1979 366 2014; x_wconf 90' lang='lat' dir='ltr'><strong>runt</strong></span> <span class='ocrx_word' id='word_1_258' title='bbox 378 1981 407 2013; x_wconf 76' lang='lat'><strong>³.</strong></span> <span class='ocrx_word' id='word_1_259' title='bbox 465 1973 627 2013; x_wconf 89' lang='lat' dir='ltr'><strong>Verum</strong></span> <span class='ocrx_word' id='word_1_260' title='bbox 658 1973 722 2014; x_wconf 91' lang='lat' dir='ltr'><strong>his</strong></span> <span class='ocrx_word' id='word_1_261' title='bbox 755 1974 934 2026; x_wconf 86' lang='lat' dir='ltr'><strong>omissis,</strong></span> <span class='ocrx_word' id='word_1_262' title='bbox 965 1974 1020 2015; x_wconf 91' lang='lat' dir='ltr'><strong>ad</strong></span> <span class='ocrx_word' id='word_1_263' title='bbox 1051 1976 1250 2016; x_wconf 88' lang='lat' dir='ltr'><strong>narrandi</strong></span> <span class='ocrx_word' id='word_1_264' title='bbox 1280 1978 1431 2018; x_wconf 90' lang='lat' dir='ltr'><strong>seriem</strong></span> <span class='ocrx_word' id='word_1_265' title='bbox 1461 1975 1697 2018; x_wconf 85' lang='lat' dir='ltr'><strong>redeamus.</strong></span> 
     </span>
     <span class='ocr_line' id='line_1_33' title="bbox 178 2027 1754 2085; baseline 0.003 -17"><span class='ocrx_word' id='word_1_266' title='bbox 178 2036 250 2083; x_wconf 59' lang='lat'>(143)</span> <span class='ocrx_word' id='word_1_267' title='bbox 378 2029 446 2069; x_wconf 76' lang='lat'><strong>49.</strong></span> <span class='ocrx_word' id='word_1_268' title='bbox 503 2027 718 2070; x_wconf 89' lang='lat' dir='ltr'><strong>Arnaldus</strong></span> <span class='ocrx_word' id='word_1_269' title='bbox 748 2029 1055 2084; x_wconf 82' lang='lat' dir='ltr'><strong>Bagoariorum</strong></span> <span class='ocrx_word' id='word_1_270' title='bbox 1077 2038 1117 2072; x_wconf 89' lang='lat' dir='ltr'><strong>et</strong></span> <span class='ocrx_word' id='word_1_271' title='bbox 1138 2031 1471 2073; x_wconf 81' lang='lat' dir='ltr'><strong>Oarentanorum</strong></span> <span class='ocrx_word' id='word_1_272' title='bbox 1501 2031 1602 2085; x_wconf 81' lang='lat' dir='ltr'><strong>dux,</strong></span> <span class='ocrx_word' id='word_1_273' title='bbox 1634 2033 1754 2073; x_wconf 88' lang='lat' dir='ltr'><strong>cuius</strong></span> 
     </span>
     <span class='ocr_line' id='line_1_34' title="bbox 182 2077 1756 2139; baseline 0.003 -15"><span class='ocrx_word' id='word_1_274' title='bbox 182 2077 249 2103; x_wconf 72' lang='lat'><strong>93⁰·</strong></span> <span class='ocrx_word' id='word_1_275' title='bbox 269 2084 460 2139; x_wconf 89' lang='lat' dir='ltr'><strong>superius</strong></span> <span class='ocrx_word' id='word_1_276' title='bbox 505 2084 684 2125; x_wconf 86' lang='lat' dir='ltr'><strong>fecimus</strong></span> <span class='ocrx_word' id='word_1_277' title='bbox 728 2086 998 2138; x_wconf 88' lang='lat' dir='ltr'><strong>mentionem,</strong></span> <span class='ocrx_word' id='word_1_278' title='bbox 1047 2101 1143 2127; x_wconf 89' lang='lat' dir='ltr'><strong>cum</strong></span> <span class='ocrx_word' id='word_1_279' title='bbox 1186 2102 1271 2128; x_wconf 91' lang='lat' dir='ltr'><strong>non</strong></span> <span class='ocrx_word' id='word_1_280' title='bbox 1314 2087 1490 2129; x_wconf 88' lang='lat' dir='ltr'><strong>multum</strong></span> <span class='ocrx_word' id='word_1_281' title='bbox 1533 2088 1587 2130; x_wconf 88' lang='lat' dir='ltr'><strong>ab</strong></span> <span class='ocrx_word' id='word_1_282' title='bbox 1631 2087 1756 2129; x_wconf 88' lang='lat' dir='ltr'><strong>Italia</strong></span> 
     </span>
     <span class='ocr_line' id='line_1_35' title="bbox 266 2138 1755 2198; baseline 0.003 -18"><span class='ocrx_word' id='word_1_283' title='bbox 266 2138 392 2194; x_wconf 83' lang='lat' dir='ltr'><strong>longe</strong></span> <span class='ocrx_word' id='word_1_284' title='bbox 437 2139 629 2191; x_wconf 87' lang='lat' dir='ltr'><strong>distaret,</strong></span> <span class='ocrx_word' id='word_1_285' title='bbox 680 2140 864 2182; x_wconf 86' lang='lat' dir='ltr'><strong>collectis</strong></span> <span class='ocrx_word' id='word_1_286' title='bbox 909 2142 1062 2196; x_wconf 84' lang='lat' dir='ltr'><strong>copiis,</strong></span> <span class='ocrx_word' id='word_1_287' title='bbox 1112 2144 1309 2198; x_wconf 86' lang='lat' dir='ltr'><strong>quatinus</strong></span> <span class='ocrx_word' id='word_1_288' title='bbox 1354 2144 1530 2198; x_wconf 86' lang='lat' dir='ltr'><strong>Hugoni</strong></span> <span class='ocrx_word' id='word_1_289' title='bbox 1576 2158 1755 2198; x_wconf 77' lang='lat' dir='ltr'><strong>regnum</strong></span> 
     </span>
     <span class='ocr_line' id='line_1_36' title="bbox 267 2195 1754 2255; baseline 0.003 -20"><span class='ocrx_word' id='word_1_290' title='bbox 267 2195 463 2247; x_wconf 84' lang='lat' dir='ltr'><strong>auferret,</strong></span> <span class='ocrx_word' id='word_1_291' title='bbox 505 2195 686 2237; x_wconf 88' lang='lat' dir='ltr'><strong>advenit.</strong></span> <span class='ocrx_word' id='word_1_292' title='bbox 761 2196 846 2248; x_wconf 69' lang='lat' dir='ltr'><strong>Qui</strong></span> <span class='ocrx_word' id='word_1_293' title='bbox 892 2197 1184 2239; x_wconf 85' lang='lat' dir='ltr'><strong>Tridentinam</strong></span> <span class='ocrx_word' id='word_1_294' title='bbox 1229 2214 1278 2240; x_wconf 89' lang='lat' dir='ltr'><strong>ea</strong></span> <span class='ocrx_word' id='word_1_295' title='bbox 1322 2214 1376 2240; x_wconf 84' lang='lat' dir='ltr'><strong>ex</strong></span> <span class='ocrx_word' id='word_1_296' title='bbox 1416 2206 1534 2255; x_wconf 87' lang='lat' dir='ltr'><strong>parte</strong></span> <span class='ocrx_word' id='word_1_297' title='bbox 1572 2200 1754 2254; x_wconf 86' lang='lat' dir='ltr'><strong>primam</strong></span> 
     </span>
     <span class='ocr_line' id='line_1_37' title="bbox 268 2250 1754 2311; baseline 0.003 -20"><span class='ocrx_word' id='word_1_298' title='bbox 268 2250 416 2292; x_wconf 87' lang='lat' dir='ltr'><strong>Italiae</strong></span> <span class='ocrx_word' id='word_1_299' title='bbox 454 2265 641 2292; x_wconf 82' lang='lat' dir='ltr'><strong>marcam</strong></span> <span class='ocrx_word' id='word_1_300' title='bbox 679 2253 975 2307; x_wconf 84' lang='lat' dir='ltr'><strong>pertransiens,</strong></span> <span class='ocrx_word' id='word_1_301' title='bbox 1014 2254 1227 2295; x_wconf 88' lang='lat' dir='ltr'><strong>Veronam</strong></span> <span class='ocrx_word' id='word_1_302' title='bbox 1266 2270 1399 2311; x_wconf 86' lang='lat' dir='ltr'><strong>usque</strong></span> <span class='ocrx_word' id='word_1_303' title='bbox 1435 2255 1642 2310; x_wconf 73' lang='lat' dir='ltr'><strong>pervenit.</strong></span> <span class='ocrx_word' id='word_1_304' title='bbox 1704 2255 1754 2296; x_wconf 89' lang='lat' dir='ltr'><strong>In</strong></span> 
     </span>
     <span class='ocr_line' id='line_1_38' title="bbox 269 2306 1754 2366; baseline 0.002 -19"><span class='ocrx_word' id='word_1_305' title='bbox 269 2321 354 2362; x_wconf 82' lang='lat' dir='ltr'><strong>qua·</strong></span> <span class='ocrx_word' id='word_1_306' title='bbox 383 2322 408 2348; x_wconf 89' lang='lat' dir='ltr'><strong>a</strong></span> <span class='ocrx_word' id='word_1_307' title='bbox 436 2306 592 2348; x_wconf 84' lang='lat' dir='ltr'><strong>Milone</strong></span> <span class='ocrx_word' id='word_1_308' title='bbox 625 2308 776 2349; x_wconf 89' lang='lat' dir='ltr'><strong>comite</strong></span> <span class='ocrx_word' id='word_1_309' title='bbox 807 2315 933 2364; x_wconf 83' lang='lat' dir='ltr'><strong>atque</strong></span> <span class='ocrx_word' id='word_1_310' title='bbox 964 2309 1132 2351; x_wconf 81' lang='lat' dir='ltr'><strong>Ra-terio</strong></span> <span class='ocrx_word' id='word_1_311' title='bbox 1164 2311 1365 2366; x_wconf 87' lang='lat' dir='ltr'><strong>episcopo</strong></span> <span class='ocrx_word' id='word_1_312' title='bbox 1395 2310 1586 2362; x_wconf 86' lang='lat' dir='ltr'><strong>libenter,</strong></span> <span class='ocrx_word' id='word_1_313' title='bbox 1616 2317 1661 2351; x_wconf 90' lang='lat' dir='ltr'><strong>ut</strong></span> <span class='ocrx_word' id='word_1_314' title='bbox 1682 2312 1754 2366; x_wconf 91' lang='lat' dir='ltr'><strong>qui</strong></span> 
     </span>
     <span class='ocr_line' id='line_1_39' title="bbox 269 2363 1754 2421; baseline 0.003 -18"><span class='ocrx_word' id='word_1_315' title='bbox 269 2377 365 2404; x_wconf 89' lang='lat' dir='ltr'><strong>eum</strong></span> <span class='ocrx_word' id='word_1_316' title='bbox 387 2363 626 2415; x_wconf 84' lang='lat' dir='ltr'><strong>invitarant,</strong></span> <span class='ocrx_word' id='word_1_317' title='bbox 659 2364 898 2419; x_wconf 85' lang='lat' dir='ltr'><strong>suscipitur.</strong></span> <span class='ocrx_word' id='word_1_318' title='bbox 958 2365 1083 2416; x_wconf 77' lang='lat' dir='ltr'><strong>Quod</strong></span> <span class='ocrx_word' id='word_1_319' title='bbox 1121 2381 1197 2407; x_wconf 84' lang='lat' dir='ltr'><strong>rex</strong></span> <span class='ocrx_word' id='word_1_320' title='bbox 1228 2366 1355 2421; x_wconf 82' lang='lat' dir='ltr'><strong>Hugo</strong></span> <span class='ocrx_word' id='word_1_321' title='bbox 1392 2374 1439 2407; x_wconf 90' lang='lat' dir='ltr'><strong>ut</strong></span> <span class='ocrx_word' id='word_1_322' title='bbox 1468 2366 1641 2419; x_wconf 83' lang='lat' dir='ltr'><strong>audivit,</strong></span> <span class='ocrx_word' id='word_1_323' title='bbox 1673 2365 1754 2407; x_wconf 88' lang='lat' dir='ltr'><strong>col-</strong></span> 
     </span>
     <span class='ocr_line' id='line_1_40' title="bbox 268 2417 1044 2462; baseline 0.003 -4"><span class='ocrx_word' id='word_1_324' title='bbox 268 2417 375 2460; x_wconf 86' lang='lat' dir='ltr'><strong>lecto</strong></span> <span class='ocrx_word' id='word_1_325' title='bbox 408 2419 596 2459; x_wconf 85' lang='lat' dir='ltr'><strong>exercitu</strong></span> <span class='ocrx_word' id='word_1_326' title='bbox 628 2419 666 2459; x_wconf 86' lang='lat' dir='ltr'><strong>ei</strong></span> <span class='ocrx_word' id='word_1_327' title='bbox 697 2419 868 2460; x_wconf 86' lang='lat' dir='ltr'><strong>obviam</strong></span> <span class='ocrx_word' id='word_1_328' title='bbox 899 2421 1044 2462; x_wconf 87' lang='lat' dir='ltr'><strong>tendit.</strong></span> 
     </span>
     <span class='ocr_line' id='line_1_41' title="bbox 379 2473 1755 2531; baseline 0.002 -16"><span class='ocrx_word' id='word_1_329' title='bbox 379 2474 446 2515; x_wconf 79' lang='grc'><strong>50.</strong></span> <span class='ocrx_word' id='word_1_330' title='bbox 506 2473 701 2529; x_wconf 81' lang='lat' dir='ltr'><strong>Cumque</strong></span> <span class='ocrx_word' id='word_1_331' title='bbox 746 2474 894 2516; x_wconf 87' lang='lat' dir='ltr'><strong>eodem</strong></span> <span class='ocrx_word' id='word_1_332' title='bbox 939 2477 1212 2531; x_wconf 83' lang='lat' dir='ltr'><strong>pervenisset,</strong></span> <span class='ocrx_word' id='word_1_333' title='bbox 1262 2483 1302 2518; x_wconf 87' lang='lat' dir='ltr'><strong>et</strong></span> <span class='ocrx_word' id='word_1_334' title='bbox 1351 2476 1660 2529; x_wconf 81' lang='lat' dir='ltr'><strong>caballicatas⁴,</strong></span> <span class='ocrx_word' id='word_1_335' title='bbox 1708 2483 1755 2518; x_wconf 84' lang='lat' dir='ltr'><strong>ut</strong></span> 
     </span>
    </p>
   </div>
   <div class='ocr_carea' id='block_1_3' title="bbox 267 2569 576 2602">
    <p class='ocr_par' dir='ltr' id='par_1_3' title="bbox 267 2569 576 2602">
     <span class='ocr_line' id='line_1_42' title="bbox 267 2569 576 2602; baseline 0.006 -8"><span class='ocrx_word' id='word_1_336' title='bbox 267 2569 295 2602; x_wconf 81' lang='lat' dir='ltr'><strong>a)</strong></span> <span class='ocrx_word' id='word_1_337' title='bbox 319 2571 527 2602; x_wconf 79' lang='lat' dir='ltr'><strong>suseptionem</strong></span> <span class='ocrx_word' id='word_1_338' title='bbox 553 2573 576 2596; x_wconf 90' lang='lat'><strong>1.</strong></span> 
     </span>
    </p>
   </div>
   <div class='ocr_carea' id='block_1_4' title="bbox 265 2645 1754 2931">
    <p class='ocr_par' dir='ltr' id='par_1_4' title="bbox 265 2645 1754 2931">
     <span class='ocr_line' id='line_1_43' title="bbox 271 2645 1754 2691; baseline 0.003 -15"><span class='ocrx_word' id='word_1_339' title='bbox 271 2645 306 2687; x_wconf 75' lang='lat'><strong>1)</strong></span> <span class='ocrx_word' id='word_1_340' title='bbox 336 2646 389 2678; x_wconf 89' lang='lat' dir='ltr'><strong>Cf.</strong></span> <span class='ocrx_word' id='word_1_341' title='bbox 417 2647 468 2679; x_wconf 94' lang='lat' dir='ltr'><strong>IV</strong></span> <span class='ocrx_word' id='word_1_342' title='bbox 508 2656 538 2679; x_wconf 89' lang='lat' dir='ltr'><strong>c.</strong></span> <span class='ocrx_word' id='word_1_343' title='bbox 575 2647 629 2678; x_wconf 90' lang='lat'><strong>10.</strong></span> <span class='ocrx_word' id='word_1_344' title='bbox 691 2646 733 2678; x_wconf 87' lang='lat' dir='ltr'><strong>In</strong></span> <span class='ocrx_word' id='word_1_345' title='bbox 767 2646 959 2689; x_wconf 84' lang='lat' dir='ltr'><strong>diplomate</strong></span> <span class='ocrx_word' id='word_1_346' title='bbox 997 2659 1028 2680; x_wconf 82' lang='lat' dir='ltr'><strong>a.</strong></span> <span class='ocrx_word' id='word_1_347' title='bbox 1062 2649 1129 2679; x_wconf 86' lang='lat'><strong>931</strong></span> <span class='ocrx_word' id='word_1_348' title='bbox 1159 2649 1256 2681; x_wconf 90' lang='lat' dir='ltr'><strong>XVI.</strong></span> <span class='ocrx_word' id='word_1_349' title='bbox 1290 2649 1371 2682; x_wconf 83' lang='lat' dir='ltr'><strong>Kal.</strong></span> <span class='ocrx_word' id='word_1_350' title='bbox 1399 2650 1488 2682; x_wconf 90' lang='lat' dir='ltr'><strong>Nov.</strong></span> <span class='ocrx_word' id='word_1_351' title='bbox 1530 2650 1612 2682; x_wconf 84' lang='lat' dir='ltr'><strong>dato</strong></span> <span class='ocrx_word' id='word_1_352' title='bbox 1647 2649 1754 2691; x_wconf 82' lang='lat' dir='ltr'><strong>Hugo</strong></span> 
     </span>
     <span class='ocr_line' id='line_1_44' title="bbox 267 2694 1754 2740; baseline 0.002 -14"><span class='ocrx_word' id='word_1_353' title='bbox 267 2694 391 2727; x_wconf 81' lang='lat' dir='ltr'><strong>laudat</strong></span> <span class='ocrx_word' id='word_1_354' title='bbox 417 2695 592 2727; x_wconf 86' lang='lat' dir='ltr'><strong>Bosonem</strong></span> <span class='ocrx_word' id='word_1_355' title='bbox 621 2699 775 2727; x_wconf 89' lang='lat' dir='ltr'><strong>nostrum</strong></span> <span class='ocrx_word' id='word_1_356' title='bbox 805 2695 1073 2728; x_wconf 82' lang='lat' dir='ltr'><strong>dilectissimum</strong></span> <span class='ocrx_word' id='word_1_357' title='bbox 1108 2698 1251 2729; x_wconf 83' lang='lat' dir='ltr'><strong>fratrem</strong></span> <span class='ocrx_word' id='word_1_358' title='bbox 1278 2702 1312 2730; x_wconf 84' lang='lat' dir='ltr'><strong>et</strong></span> <span class='ocrx_word' id='word_1_359' title='bbox 1345 2698 1636 2740; x_wconf 80' lang='lat' dir='ltr'><strong>gloriosissimum</strong></span> <span class='ocrx_word' id='word_1_360' title='bbox 1663 2707 1754 2729; x_wconf 88' lang='lat' dir='ltr'><strong>mar-</strong></span> 
     </span>
     <span class='ocr_line' id='line_1_45' title="bbox 269 2743 1754 2788; baseline 0.001 -14"><span class='ocrx_word' id='word_1_361' title='bbox 269 2744 429 2775; x_wconf 85' lang='lat' dir='ltr'><strong>chionem</strong></span> <span class='ocrx_word' id='word_1_362' title='bbox 457 2743 621 2785; x_wconf 75' lang='lat' dir='ltr'><strong>(Forsch.</strong></span> <span class='ocrx_word' id='word_1_363' title='bbox 650 2755 710 2776; x_wconf 90' lang='lat' dir='ltr'><strong>zur</strong></span> <span class='ocrx_word' id='word_1_364' title='bbox 738 2745 933 2776; x_wconf 84' lang='lat' dir='ltr'><strong>deutschen</strong></span> <span class='ocrx_word' id='word_1_365' title='bbox 956 2745 1084 2778; x_wconf 83' lang='lat' dir='ltr'><strong>Gesch.</strong></span> <span class='ocrx_word' id='word_1_366' title='bbox 1104 2747 1147 2785; x_wconf 88' lang='lat' dir='ltr'><strong>X,</strong></span> <span class='ocrx_word' id='word_1_367' title='bbox 1176 2745 1274 2787; x_wconf 82' lang='lat'><strong>300).</strong></span> <span class='ocrx_word' id='word_1_368' title='bbox 1376 2747 1414 2788; x_wconf 80' lang='grc'><strong>’2)</strong></span> <span class='ocrx_word' id='word_1_369' title='bbox 1435 2747 1538 2778; x_wconf 85' lang='lat' dir='ltr'><strong>Hanc</strong></span> <span class='ocrx_word' id='word_1_370' title='bbox 1559 2747 1754 2778; x_wconf 83' lang='lat' dir='ltr'><strong>cessionem</strong></span> 
     </span>
     <span class='ocr_line' id='line_1_46' title="bbox 265 2791 1752 2835; baseline 0.002 -13"><span class='ocrx_word' id='word_1_371' title='bbox 265 2802 356 2823; x_wconf 85' lang='lat' dir='ltr'><strong>anno</strong></span> <span class='ocrx_word' id='word_1_372' title='bbox 385 2792 455 2823; x_wconf 81' lang='lat'><strong>933</strong></span> <span class='ocrx_word' id='word_1_373' title='bbox 488 2793 648 2824; x_wconf 84' lang='lat' dir='ltr'><strong>evenisse</strong></span> <span class='ocrx_word' id='word_1_374' title='bbox 679 2792 909 2825; x_wconf 84' lang='lat' dir='ltr'><strong>crediderim.</strong></span> <span class='ocrx_word' id='word_1_375' title='bbox 1011 2791 1050 2835; x_wconf 82' lang='lat'><strong>3)</strong></span> <span class='ocrx_word' id='word_1_376' title='bbox 1088 2795 1186 2834; x_wconf 80' lang='lat' dir='ltr'><strong>Quae</strong></span> <span class='ocrx_word' id='word_1_377' title='bbox 1224 2794 1267 2826; x_wconf 90' lang='lat' dir='ltr'><strong>de</strong></span> <span class='ocrx_word' id='word_1_378' title='bbox 1301 2795 1354 2827; x_wconf 87' lang='lat' dir='ltr'><strong>his</strong></span> <span class='ocrx_word' id='word_1_379' title='bbox 1381 2795 1662 2827; x_wconf 81' lang='lat' dir='ltr'><strong>Normannorum</strong></span> <span class='ocrx_word' id='word_1_380' title='bbox 1696 2795 1752 2825; x_wconf 87' lang='lat' dir='ltr'><strong>in-</strong></span> 
     </span>
     <span class='ocr_line' id='line_1_47' title="bbox 270 2840 1754 2886; baseline 0.002 -15"><span class='ocrx_word' id='word_1_381' title='bbox 270 2840 404 2872; x_wconf 88' lang='lat' dir='ltr'><strong>cendiis</strong></span> <span class='ocrx_word' id='word_1_382' title='bbox 444 2841 550 2873; x_wconf 82' lang='lat' dir='ltr'><strong>refert</strong></span> <span class='ocrx_word' id='word_1_383' title='bbox 587 2841 839 2884; x_wconf 84' lang='lat' dir='ltr'><strong>Liudprandus</strong></span> <span class='ocrx_word' id='word_1_384' title='bbox 881 2853 922 2874; x_wconf 86' lang='lat' dir='ltr'><strong>ex</strong></span> <span class='ocrx_word' id='word_1_385' title='bbox 961 2842 1140 2875; x_wconf 87' lang='lat' dir='ltr'><strong>hominum</strong></span> <span class='ocrx_word' id='word_1_386' title='bbox 1180 2844 1348 2876; x_wconf 79' lang='lat' dir='ltr'><strong>memoria</strong></span> <span class='ocrx_word' id='word_1_387' title='bbox 1382 2844 1565 2886; x_wconf 81' lang='lat' dir='ltr'><strong>excepisse</strong></span> <span class='ocrx_word' id='word_1_388' title='bbox 1603 2842 1754 2875; x_wconf 83' lang='lat' dir='ltr'><strong>videtur.</strong></span> 
     </span>
     <span class='ocr_line' id='line_1_48' title="bbox 269 2889 886 2931; baseline 0.003 -12"><span class='ocrx_word' id='word_1_389' title='bbox 269 2889 305 2927; x_wconf 81' lang='grc'><strong>4)</strong></span> <span class='ocrx_word' id='word_1_390' title='bbox 332 2889 500 2931; x_wconf 86' lang='lat' dir='ltr'><strong>Equitum</strong></span> <span class='ocrx_word' id='word_1_391' title='bbox 527 2894 669 2931; x_wconf 79' lang='lat' dir='ltr'><strong>turmas,</strong></span> <span class='ocrx_word' id='word_1_392' title='bbox 698 2890 741 2922; x_wconf 79' lang='lat' dir='ltr'><strong>cf.</strong></span> <span class='ocrx_word' id='word_1_393' title='bbox 771 2900 799 2922; x_wconf 80' lang='grc'><strong>0.</strong></span> <span class='ocrx_word' id='word_1_394' title='bbox 831 2891 886 2922; x_wconf 81' lang='lat'><strong>14.</strong></span> 
     </span>
    </p>
   </div>
  </div>
 </body>
</html>
