1902 3200
484 186 784 218 LIUDPRANDI
811 185 1032 217 LEGATIO.
1085 185 1238 217 63—65.
1535 187 1602 218 165

128 296 290 338 Felices
321 310 406 348 eos,
438 295 472 335 si
492 299 782 349 paupertatem
805 292 961 334 Christi
982 294 1085 334 haec
1106 294 1351 346 imitaretur,
1372 309 1578 350 pauperes
1592 305 1603 326 ¹
1620 310 1686 336 968.

127 351 381 392 iudicarem!
429 350 551 390 Facit
580 349 659 389 hoc
689 362 812 402 asper
841 355 1067 388 11111111111152
1100 355 1140 389 et
1170 350 1261 388 auri
1292 363 1412 389 sacra
1433 350 1563 392 fames
1575 358 1603 393 ³.

128 406 287 447 Verum
316 411 464 460 parcat
491 403 571 444 illis
602 403 729 444 deus!
779 402 874 443 Hoc
904 416 952 443 eo
982 402 1073 443 11105
1102 410 1204 457 puto
1225 403 1374 455 facere,
1405 407 1603 458 quoniam

129 474 273 502 eorum
303 458 503 501 ecclesiae
534 466 631 499 sunt
668 458 950 500 tributa1·iae⁴.
1008 457 1281 499 Leucatensis
1317 459 1417 499 mihi
1454 460 1604 502 iuravit

127 517 363 570 episcopus,
395 515 619 569 quotannis
659 512 880 555 ecclesiam
917 526 1036 553 suam
1076 512 1228 554 debere
1258 513 1494 568 Nicephoro
1534 530 1603 555 au-

126 584 218 611 reos
249 575 415 611 centum
454 568 703 624 persolvere,
743 567 936 609 similiter
972 575 1013 609 et
1051 576 1237 609 caeteras
1278 568 1371 623 plus
1412 570 1603 610 minusve

126 624 358 667 secundum
387 625 497 666 vires
529 639 638 666 suas.
697 623 822 676 Quod
854 637 980 679 quam
1018 623 1210 678 iniquum
1249 625 1314 676 sit,
1351 625 1604 665 sanctissimi

125 680 257 735 patris
286 681 416 721 nostri
444 680 599 735 Ioseph
637 686 732 720 acta
761 678 1061 730 demonstrant,
1101 679 1199 733 quia
1234 694 1329 719 cum
1358 679 1603 734 Aegyptum

124 741 255 776 totam
284 735 406 776 famis
436 742 623 790 tempore
652 734 915 775 tributariam
945 733 1174 774 Pharaonis
1204 734 1370 788 faceret,
1412 734 1604 776 sacerdo-

125 795 215 831 tum
244 797 397 832 terram
428 805 453 831 a
481 790 639 832 tributo
669 788 845 830 liberam
875 804 964 829 esse
994 790 1197 844 permisit.

238 846 304 886 64.
362 846 496 900 Igitur
539 845 816 886 decimonono
868 843 1074 885 Calendas
1123 845 1332 885 Ianuariia
1377 845 1603 886 Leucatem
1618 859 1692 885 Dee.
1718 863 1761 887 14.

126 908 342 953 exeuntes,
381 901 559 955 ipsique,
600 901 812 955 quoniam,
852 906 898 940 ut
927 901 1120 955 superius
1151 900 1413 955 scripsimus,
1452 908 1603 942 nautae

127 956 372 1011 effugerant,
389 958 652 1011 navigantes,
670 956 982 1010 decimoquinto
1000 956 1053 996 ad
1071 955 1300 1010 Coriphus⁵
1322 957 1603 1010 pervenimus,

126 1011 197 1052 ubi
227 1018 322 1052 ante
353 1012 471 1052 navis
503 1012 785 1066 egressionem
815 1011 999 1051 occurrit
1027 1011 1149 1052 nobis
1181 1018 1385 1066 strategos
1418 1011 1603 1066 quidam,

124 1066 306 1107 Michael
334 1067 517 1119 nomine,
550 1066 838 1117 Chersionitis,
868 1080 893 1106 a
922 1065 1014 1106 1000
1036 1065 1196 1107 scilicet
1219 1066 1455 1119 Ohersona3
1479 1067 1604 1107 homo
1619 1080 1691 1105 Dee.
1719 1082 1763 1108 18,

124 1123 215 1176 ipse
247 1137 376 1162 canus
407 1123 556 1177 capite,
592 1122 699 1162 facie
729 1120 883 1171 hilaris,
926 1135 1117 1161 sermone
1148 1120 1296 1172 bonus,
1326 1122 1411 1161 risu
1442 1136 1607 1176 semper

123 1176 348 1229 iucundus,
381 1176 468 1229 sed,
499 1183 546 1217 ut
573 1182 668 1231 post
696 1177 844 1231 patuit,
875 1182 1012 1217 mente
1043 1175 1255 1228 diabolus,
1291 1176 1404 1231 quod
1434 1183 1475 1217 et
1503 1177 1606 1218 deus

123 1232 280 1287 apertis
310 1231 413 1271 mihi
443 1232 694 1273 monstravit
722 1231 901 1283 indiciis,
933 1232 967 1271 si
997 1246 1091 1272 mea
1119 1239 1220 1272 tune
1249 1246 1366 1272 mens
1387 1231 1606 1287 1100110111-

122 1288 224 1328 isset
253 1287 457 1329 conicere.
515 1287 619 1328 Mox
658 1287 768 1327 enim
800 1292 847 1327 ut
875 1301 1038 1341 pacem,
1070 1302 1196 1342 quam
1233 1287 1358 1328 corde
1388 1302 1473 1328 non
1501 1287 1605 1330 fere-

123 1341 210 1395 bat,
238 1343 340 1383 mihi
371 1342 511 1384 osculo
543 1341 670 1395 dedit,
701 1348 789 1384 tota
821 1341 1043 1397 Coriphus,
1080 1356 1235 1397 magna
1266 1342 1424 1384 scilicet
1453 1342 1604 1397 insula,

122 1398 314 1451 tremuit,
345 1413 423 1439 nec
444 1397 579 1439 solum
601 1397 742 1450 semel,
770 1397 843 1438 sed
864 1405 926 1439 ter
946 1397 1093 1439 eadem
1115 1398 1183 1438 die
1203 1399 1463 1453 pertremuit.
1504 1399 1605 1441 Post
1618 1424 1690 1450 Dec,
1717 1426 1763 1451 22,

124 1454 394 1509 quatriduum
438 1460 596 1506 autem,
642 1453 866 1494 undecimo
911 1452 1071 1494 scilicet
1116 1452 1324 1494 Calendas
1368 1454 1555 1495 Ianuarii
1572 1455 1603 1508 ¹³,

122 1510 223 1549 dum
267 1510 310 1549 in
353 1524 498 1550 mensa
536 1509 698 1564 positus
738 1523 889 1563 panem
936 1508 1237 1559 comederem,
1263 1510 1335 1563 qui
1375 1509 1605 1564 ampliabat

122 1579 250 1620 super
279 1579 345 1605 me
376 1564 621 1605 calcaneum
652 1579 788 1616 suum,
818 1563 1126 1604 verecundatus
1157 1564 1219 1604 sol
1248 1564 1409 1604 facinus
1437 1566 1681 1606 tamin-1011.
1703 1580 1748 1612 13,
1772 1580 1820 1607 18.

121 1619 309 1674 dignum,
349 1619 455 1660 lucis
486 1634 585 1660 suae
615 1619 755 1660 radios
785 1618 1019 1672 abscondit,
1050 1627 1089 1660 et
1120 1618 1294 1675 eclipsin
1324 1633 1488 1674 passus,
1526 1620 1604 1661 Mi-

121 1674 307 1716 chaelem
337 1674 455 1715 illum
484 1675 644 1727 terruit,
674 1674 748 1716 sed
777 1689 860 1715 non
890 1675 1141 1715 immutavit.

232 1731 298 1772 65.
356 1730 510 1771 Dicam
541 1745 668 1785 ergo,·
687 1730 788 1784 quid
812 1729 870 1769 illi
893 1744 1019 1770 causa
1040 1730 1251 1770 amicitiae
1271 1729 1454 1784 fecerim,
1486 1732 1604 1786 quid-

119 1799 217 1826 nam
248 1786 301 1827 ab
333 1800 382 1827 eo
411 1799 489 1840 pro
519 1785 907 1841 recompensatione
936 1785 1211 1840 perceperim.
1261 1785 1376 1825 Dum
1400 1785 1603 1828 Constan-

118 1841 341 1896 tinopolim
371 1840 655 1893 ascenderem,
691 1840 795 1881 illud
825 1846 1013 1882 vestrum
1043 1840 1392 1895 pretiosissimum
1425 1849 1603 1895 scutum,

120 1897 226 1937 miro
259 1911 384 1951 opere
416 1895 663 1937 deauratum
694 1903 733 1937 et
762 1896 1027 1948 fabricatum,
1060 1895 1174 1951 quod
1204 1895 1307 1935 mihi
1338 1895 1495 1937 domini
1519 1899 1603 1938 mei

119 1953 289 2007 augusti
332 1951 504 1993 dedistis
550 1952 723 1993 caeteris
770 1966 866 1993 cum
910 1952 1175 2001 muneribus,
1219 1958 1265 1991 ut
1309 1952 1455 1992 amieis
1498 1954 1603 1994 meis

121 2007 299 2049 Graecis
330 2007 497 2059 darem,
534 2007 619 2048 filio
651 2007 784 2062 ipsius
824 2006 992 2047 contuli.
1050 2007 1175 2047 Nunc
1206 2007 1603 2063 Constantinopolic

118 2062 297 2115 rediens,
327 2069 489 2118 patrem
520 2062 647 2117 pallio
678 2063 832 2103 donavi
862 2062 1186 2117 pretiosissimo3
1223 2076 1300 2117 pro
1334 2063 1487 2118 quibus
1518 2078 1603 2104 om-

118 2118 243 2159 nibus
265 2119 422 2172 gratias
444 2117 658 2160 distribuit
678 2117 905 2159 eiusmodi:
938 2118 1115 2172 Scripsit
1135 2117 1414 2173 Nicephorus,
1437 2125 1483 2159 ut
1504 2133 1602 2174 qua-

120 2188 287 2229 cunque
327 2173 430 2214 hora
470 2187 513 2214 se
549 2173 723 2225 adirem,
763 2173 924 2228 absque
958 2187 1076 2214 mora
1107 2172 1326 2213 chelandio
1357 2174 1600 2229 impositum

118 2229 251 2270 Leoni
280 2228 485 2270 kitonitae
516 2228 735 2282 dirigeret3
768 2229 881 2284 quod
910 2229 999 2283 ipse
1028 2243 1114 2269 non
1134 2228 1256 2281 fecit3
1286 2243 1432 2270 verum
1454 2230 1602 2271 diebus
1637 2260 1668 2265 .-

117 2285 269 2340 viginti
298 2299 365 2325 me
394 2290 615 2337 retentum,
645 2299 730 2325 non
751 2285 836 2325 suis
858 2284 930 2325 sed
950 2284 1132 2339 propriis
1153 2299 1219 2325 me
1242 2284 1460 2339 stipendiis
1487 2284 1601 2338 aluit,

119 2379 149 2413 a)
172 2381 213 2405 ita
235 2380 362 2411 c07·›·cri;
390 2387 457 2404 ozam
485 2387 574 2411 supra
596 2380 746 2409 narravit,
775 2387 804 2404 se
826 2380 852 2405 S.
877 2380 945 2404 Idus
968 2380 1125 2404 Decembris
1147 2380 1290 2404 Leucatem
1322 2381 1445 2412 z-enz‘sse;
1473 2382 1598 2406 Decem-

119 2420 181 2444 bris
205 2420 231 2444 C.
314 2417 344 2451 b)
365 2420 405 2443 ita
427 2420 536 2443 com-eri
558 2419 665 2444 Canisii
686 2420 842 2443 lectionem:
864 2420 968 2449 Postq.
992 2419 1124 2443 triduum
1147 2422 1248 2443 auten]
1272 2420 1498 2451 decimoquinto
1521 2421 1599 2444 scili>

122 2461 168 2484 cet
190 2458 341 2484 Calendas
364 2458 556 2483 Decembris.
590 2465 662 2489 quae
685 2461 708 2482 et
729 2466 813 2482 sensu
842 2462 936 2486 caret,
965 2465 1023 2482 cum
1047 2459 1144 2482 triduo
1170 2462 1235 2489 post
1260 2459 1304 2483 15.
1328 2459 1396 2485 Kal.
1419 2466 1475 2483 non
1500 2460 1598 2482 iterum

121 2497 167 2522 15.
192 2497 256 2522 Kal,
279 2504 336 2521 esse
357 2497 454 2528 possit,
477 2501 500 2521 et
522 2500 645 2521 naturae
666 2498 848 2528 adversatum
869 2505 933 2522 nam
957 2497 1064 2527 eclipsis
1086 2497 1128 2521 die
1152 2498 1198 2521 22.
1222 2497 1286 2521 Dec.
1303 2497 1374 2529 fuis,
1397 2501 1426 2521 m
1450 2499 1504 2522 Leo
1528 2498 1596 2521 Dia-

119 2543 180 2560 (οη.
205 2535 283 2560 IVc.
298 2537 344 2568 11,
368 2536 445 2560 Anu.
470 2536 613 2569 [zzz-enses,
635 2536 763 2567 Sanqall.
787 2537 863 2565 mals,
886 2536 1042 2567 farfenses
1062 2537 1113 2559 ((7ῖὶ
1135 2539 1157 2560 et
1180 2536 1291 2560 tabulae
1313 2537 1518 2560 astronomicae
1531 2543 1596 2567 pro.

119 2575 199 2600 «lunt.
243 2574 296 2604 Qui
317 2575 433 2599 codicem
455 2575 600 2606 exscripsit
622 2575 672 2600 XI.
690 2575 751 2606 Zeyit
773 2575 834 2601 XV.
917 2577 943 2606 c)
968 2575 1264 2606 Constantinopolim
1288 2574 1314 2599 C.

123 2660 155 2703 1)
184 2661 361 2703 Pauperes
389 2673 447 2694 eos
473 2662 667 2695 iudicarem
694 2662 828 2702 felices,
856 2663 884 2693 si
913 2667 970 2694 ete.
1073 2660 1109 2703 2]
1139 2662 1192 2694 Cf.
1219 2662 1314 2693 Pers.
1343 2661 1415 2693 Sat.
1444 2662 1512 2702 ΙΙΙ,
1541 2662 1597 2694 69.

121 2708 159 2751 3)
187 2709 293 2751 Verg.
320 2710 407 2742 Aen.
434 2711 500 2751 ΙΙΙ,
525 2712 580 2744 57.
680 2711 718 2753 4)
747 2711 800 2742 Cf.
829 2721 932 2753 supra
956 2721 985 2742 c.
1007 2709 1062 2742 62.
1097 2710 1317 2752 Nicephorus
1345 2709 1437 2752 apud
1467 2710 1596 2742 Cedre-

121 2769 202 2789 num
237 2759 364 2790 dicitur
396 2754 505 2802 1·όμον
540 2757 726 2803 ἐκθέμενος
761 2755 804 2802 μὴ
840 2756 902 2798 τὰς
937 2756 1116 2800 ἐκκλησίας
1148 2754 1320 2798 ἀκμήτοις
1347 2753 1597 2792 πλατύνεσθαι.

119 2805 160 2849 5)
188 2806 293 2838 Corfu
320 2807 446 2839 insula.
