1772 3184
283 227 585 260 LIUDPRANDI
611 225 958 260 ANTAPODOSIS.
1009 228 1102 260 LIB.
1132 228 1160 260 I.
1214 231 1243 261 1.
1489 234 1510 263 3

140 339 234 379 40³.
264 337 333 378 De
363 334 592 377 Adelberto
622 334 865 376 marchione
903 344 1028 391 atque
1057 337 1312 392 Ildeprando
1344 340 1509 391 comite,

240 393 312 447 qui
342 398 487 432 contra
516 389 789 431 Lambertum
819 399 1020 432 venerant
1049 399 1096 433 ut
1124 400 1377 447 pugnarent.

139 449 206 491 41.
235 448 304 488 De
334 460 383 502 eo
414 444 528 500 quod
549 445 801 486 Lambcrtus
831 461 908 487 rex
937 454 1066 488 noctu
1086 461 1213 502 super
1234 447 1510 489 Adelbcrtum

236 509 362 557 atque
399 500 702 557 Ildeprandum
740 502 858 542 Irruit
871 502 901 555 ὓ,
943 501 1110 543 illorum
1150 501 1302 543 milites
1343 503 1509 555 occidit,

239 571 394 612 eosque
424 557 544 597 vivos
577 557 701 611 cepit.

140 613 207 654 42.
239 611 429 664 Qualiter
457 611 707 652 Lalnbertus
737 612 780 652 in
810 611 1025 653 Marinooc
1055 612 1108 653 ab
1135 613 1320 667 Hugonc
1349 613 1510 667 Magiu-

237 667 345 709 fredi
374 666 460 707 filio
493 667 547 707 sit
577 667 629 707 ob
660 667 888 708 vindictam
919 669 1051 722 patris
1083 669 1261 708 occisus.

137 724 204 764 43.
237 722 363 775 Quod
411 722 694 776 Berengarius
752 729 849 778 post
896 723 1112 765 Lamberti
1169 731 1345 764 mortem
1404 721 1511 763 bene

234 792 413 833 regnum
443 777 637 818 obtinuit.

137 835 205 875 44.
234 833 348 874 Laus
378 832 621 874 Lambertid
651 833 775 887 regis.

424 1025 646 1067 INCIPIT
676 1025 852 1066 LIBER
880 1025 1111 1066 PRIMUs.

141 1118 177 1155 1.
206 1115 455 1162 Reverendo
486 1117 708 1171 tociusque
739 1117 971 1158 sanctitatis
1010 1115 1157 1170 pleno,
1197 1115 1352 1156 domno
1382 1116 1512 1156 Rece-

26 1171 183 1214 mtmdo
200 1178 230 1225 e,
269 1170 561 1213 Liberritanae
600 1172 775 1212 eclesiae
815 1173 1032 1227 episcopo,
1065 1170 1401 1226 Liudprandusf,
1442 1171 1512 1211 Ti-

27 1227 206 1270 cinensis
237 1226 428 1280 eclesiae,
465 1227 552 1267 suis
584 1241 668 1267 non
698 1227 871 1280 meritis,
902 1226 1064 1279 levites,
1095 1225 1283 1267 salutem.
1333 1226 1511 1267 Biennio

27 1283 185 1339 ingenii
214 1283 425 1338 parvitate
460 1283 710 1337 petitionem
745 1288 874 1335 tuam,
913 1288 1033 1337 pater
1069 1281 1305 1335 karissime,
1355 1280 1510 1333 distuli,

28 1353 111 1396 qua
149 1339 276 1380 totius
307 1337 506 1393 Europae
535 1352 601 1379 me
631 1338 932 1393 imperatorum
961 1351 1196 1392 regumque
1233 1337 1365 1388 facta,
1404 1337 1512 1378 sicut

26 1397 74 1449 iS,
116 1394 187 1449 qui
224 1407 309 1434 non
347 1393 495 1434 auditu
534 1392 688 1434 dubius
727 1393 801 1434 sed
840 1393 1002 1434 visione
1032 1398 1180 1445 certus,
1211 1407 1368 1448 ponere
1400 1407 1510 1433 com-

25 1449 223 1508 pellebas.
279 1448 374 1489 Hae
410 1448 618 1504 siquidem
653 1464 719 1490 res
755 1450 955 1501 animum,
992 1464 1045 1489 ne
1081 1448 1125 1489 id
1159 1449 1405 1504 inciperem,
1441 1447 1510 1488 de-

25 1513 210 1548 terruere
249 1518 408 1545 meum:
446 1505 570 1559 copia
607 1505 726 1545 cuius
765 1520 857 1545 sum
897 1505 1093 1559 poenitus
1133 1518 1188 1544 ex
1221 1519 1286 1545 ers
1325 1502 1508 1555 dicendi,

25 1561 351 1604 detrectatorum
380 1559 554 1612 invidia,
587 1560 659 1615 qui
690 1559 912 1615 supercilio
938 1566 1161 1610 tumentes,
1208 1559 1380 1601 ectionis
1402 1559 1508 1599 desi-

25 1616 112 1669 des,
143 1630 193 1657 ac
223 1614 456 1665 secundum
486 1615 639 1656 eruditi
660 1616 741 1656 viri
763 1616 1013 1656 sententiam
1033 1615 1197 1656 Boetiil
1229 1613 1508 1670 philosophye

24 1672 153 1714 vestis
182 1670 433 1726 particulam
464 1671 665 1712 habentes
687 1678 903 1726 totamque
925 1685 968 1711 se
989 1670 1145 1711 habere
1167 1676 1376 1725 putantes,
1403 1671 1509 1710 hacc

23 1728 127 1769 mihi
157 1734 256 1768 sunt
282 1725 531 1767 insultantes
562 1727 732 1767 dicturi:
765 1726 915 1766 ‘Tanta
936 1725 1207 1767 decessores*
1228 1725 1361 1766 nostri
1383 1725 1510 1779 scrip-

23 1783 210 1835 titarunt,
233 1781 345 1837 quod
365 1780 497 1822 multo
518 1780 700 1836 amplius
721 1781 896 1822 lectores
920 1794 1047 1835 quam
1067 1780 1266 1822 lectiones
1288 1779 1508 1821 deficient'.

22 1838 217 1893 Illudque
248 1837 457 1878 comicum
487 1839 693 1892 garrient:
739 1835 892 1878 ‘Nichil
922 1836 1097 1889 dicetur,
1129 1835 1244 1890 quod
1272 1850 1358 1876 non
1385 1834 1511 1875 fuerit

25 1894 183 1936 dictum
212 1891 393 1949 prius’2.
444 1892 635 1944 Quorum
657 1891 877 1935 latratibus
898 1891 978 1933 hoc
998 1891 1250 1947 respondeo,
1283 1891 1383 1946 quia
1407 1889 1512 1945 phy-

23 1948 202 2005 losophy
230 1947 531 2003 ydropicorum
562 1963 691 2000 more,
724 1948 797 2003 qui
817 1962 900 2003 quo
922 1946 1102 2002 amplius
1122 1946 1274 1988 'bibunt
1294 1960 1343 1987 eo
1365 1945 1512 1986 arden-

23 2007 106 2048 tius
136 2005 294 2055 sitiunt,
326 2018 409 2059 quo
440 2004 583 2058 sepius
613 2003 758 2059 legunt
793 2017 841 2044 eo
872 2002 1038 2044 avidius
1068 2017 1182 2043 nova
1217 2016 1382 2058 queque
1420 2016 1511 2057 per-

26 2061 208 2118 quirunt.
268 2059 394 2111 Quod
424 2059 459 2100 si
489 2058 692 2114 perplexa
727 2059 852 2100 faceti
882 2057 1011 2098 Tullii
1051 2057 1231 2099 lectione
1270 2057 1511 2112 fatigantur,

24 2115 177 2159 talibus
199 2114 347 2156 saltem
366 2115 502 2156 neniis
523 2116 772 2156 animentur.
830 2114 953 2166 Nam,
974 2114 1019 2154 ni
1039 2112 1170 2165 fallor,
1193 2113 1302 2154 sicut
1327 2114 1511 2165 obtutus,

25 2172 105 2214 nisi
125 2170 303 2211 alicuius
323 2170 642 2225 interpositione
665 2170 935 2222 substantiae,
958 2168 1056 2210 solis
1071 2168 1201 2209 radiis
1218 2168 1512 2210 reverberatus

27 2226 281 2279 obtunditur,
312 2240 364 2267 ne
394 2240 498 2281 pure
527 2232 574 2266 ut
604 2232 666 2266 est
694 2225 901 2277 videatur,
937 2225 996 2266 ita
1032 2223 1157 2279 plane
1186 2239 1305 2265 mens
1335 2223 1511 2264 achade—

26 2283 250 2334 micorum,
292 2281 717 2337 peripatheticorum,
756 2281 1070 2335 stoicorumque
1105 2279 1392 2321 doctrinarum
1422 2279 1511 2333 iugi

26 2337 298 2380 meditatione
327 2337 576 2389 infirmatur,
608 2338 643 2377 si
672 2351 757 2378 non
786 2344 860 2377 aut
879 2335 972 2377 utili
996 2335 1308 2376 comoediarum
1328 2335 1417 2375 risu
1438 2340 1511 2374 aut

23 2393 198 2436 heroum
237 2391 477 2434 delectabili
515 2392 689 2433 historia
723 2390 977 2433 refocilatur.
1038 2390 1165 2443 Quod
1201 2391 1235 2431 si
1274 2391 1509 2445 priscorum

27 2449 130 2490 ritus
155 2447 404 2490 execrabilis
425 2461 703 2502 paganorum,
734 2462 818 2489 non
841 2446 975 2488 solum
996 2447 1170 2501 inquam
1190 2460 1275 2487 non
1295 2444 1510 2501 proficuus

28 2573 58 2607 a)
79 2581 214 2600 numerus
235 2575 364 2604 omissus,
387 2577 410 2598 et
435 2574 465 2598 in
488 2577 614 2605 quatuor
641 2574 821 2606 sequentihus
843 2574 937 2597 littera
958 2573 983 2597 X
1006 2572 1110 2597 omissa
1134 2574 1159 2597 1.
1329 2570 1359 2601 b)
1384 2570 1455 2594 iruit
1482 2571 1508 2593 l.

29 2611 57 2646 e)
79 2614 192 2638 max-ico
216 2615 240 2638 1.
381 2611 410 2644 d)
444 2613 589 2638 lantberti
618 2616 779 2638 constanter
808 2612 903 2637 scribit
934 2612 992 2637 Sa.
1133 2609 1160 2642 c)
1185 2610 1370 2641 regemundo
1393 2608 1418 2633 5.
1451 2608 1506 2633 5a.

28 2650 51 2684 f)
73 2653 253 2684 liuprandus
276 2652 303 2677 3.
327 2651 399 2675 Hinc
427 2654 451 2676 et
480 2652 594 2676 lectione
622 2652 733 2684 oppido
765 2658 828 2682 cap.
858 2651 948 2680 tercio,
980 2650 1097 2674 codicem
1119 2649 1146 2675 3.
1170 2657 1201 2673 ea:
1221 2649 1312 2673 codice
1336 2649 1360 2672 1.
1384 2647 1509 2672 nondum

29 2692 104 2716 omni
120 2695 205 2724 parte
226 2693 349 2716 correcto
365 2689 491 2722 fluxisse,
515 2690 638 2716 indicari
659 2691 777 2715 videtur.

31 2793 67 2837 1)
93 2796 148 2828 De
171 2795 303 2829 consol.
329 2795 415 2838 phil.
442 2795 504 2828 lib.
524 2797 553 2836 Ι,
582 2805 611 2827 c.
643 2796 672 2827 1.
727 2792 764 2835 2)
790 2794 869 2827 Ter.
888 2793 1049 2825 Eunuch.
1075 2792 1168 2825 Prol.
1189 2803 1221 2825 v.
1241 2792 1307 2823 41:
1334 2790 1510 2823 Nullumst

27 2844 97 2876 iam
124 2844 268 2886 dictum,
295 2844 389 2887 quod
414 2855 485 2876 non
509 2845 555 2877 sit
581 2843 713 2875 dictum
740 2843 847 2885 prius.

1162 2905 1203 2935 1.

1524 1739 1574 1773 ⁶1).
1588 1742 1654 1768 275.
