1902 3200
407 251 707 285 LIUDPRANDI
734 252 956 285 LEGATIO.
1010 254 1166 287 24-27.
1465 261 1530 290 147

83 361 240 416 uinque
268 362 424 414 leones,
462 362 506 401 in
543 361 875 416 prenominatam
915 362 1093 403 invisam
1130 363 1303 405 domum
1341 380 1433 407 sum
1463 368 1614 410 (le-oss.

51 375 215 470 ductus,
247 416 320 457 ubi
348 422 444 472 post
477 415 839 458 hebdomadarum
876 417 1058 471 spatium
1088 419 1226 472 trium,
1266 419 1420 461 nullius
1450 424 1531 465 nisi

51 485 242 513 meorum
272 470 610 527 sun1.colloquio
649 472 854 513 visitatus.
921 473 1019 524 Qua
1055 488 1109 514 ex
1146 489 1203 526 re,
1243 475 1531 531 Nicephorum

50 541 265 582 nunquam
309 541 377 568 me
415 525 522 568 velle
562 527 784 579 dimittere,
824 541 942 568 mens
983 527 1063 569 sibi
1102 528 1294 585 depinxit
1330 546 1436 584 mea,
1481 547 1531 573 ac

50 582 220 623 tristitia
258 581 484 623 immodica
522 582 767 637 languorem
806 582 1001 638 languori
1039 584 1146 625 adeo
1186 586 1529 641 superimposuit,

48 643 95 678 ut
123 638 210 679 vita
239 636 502 691 excederem,
533 639 612 678 nisi
643 638 744 678 mihi
773 637 880 678 hanc
911 638 981 679 dei
1009 639 1205 693 genetrix
1225 654 1251 679 a
1271 649 1458 683 creatore
1489 650 1530 684 et

49 691 134 733 filio
165 707 240 733 suo
270 693 469 748 precibus
508 692 735 746 obtinerct3
780 693 1151 748 quemadmodum,
1187 710 1272 736 non
1308 696 1530 738 fantastica

46 747 121 789 sed
150 762 251 789 vera
289 753 353 788 est
381 748 484 789 mihi
512 749 674 790 visione
704 754 995 790 monstratum.

157 803 223 844 25.
268 803 349 844 His
389 818 488 859 ergo
526 805 658 845 tribus
702 803 1041 845 hebdomadibus
1076 803 1224 847 habuit
1263 806 1528 862 Nicephorus

47 865 168 900 extra
198 857 606 914 Constantinopolim
636 860 893 912 metastasin,
923 859 967 900 id
996 866 1060 901 est
1090 861 1324 914 stationem,
1361 863 1404 902 111
1433 861 1527 905 1000
1574 893 1610 903 ,φ-

47 914 119 970 qui
150 913 306 955 dicitur
334 915 391 964 εἰς
421 915 565 967 π’ήγας,
595 914 640 955 id
670 922 733 957 est
761 914 832 956 Ad
861 914 1009 968 fontes,
1041 915 1275 971 eodemque
1296 932 1363 958 mc
1383 919 1527 961 venire

42 970 248 1024 precepit.
306 970 363 1011 Et
393 984 490 1010 cum
521 978 605 1011 tam
636 969 860 1026 languidus
881 985 1031 1023 essem,
1062 978 1109 1012 ut
1128 986 1212 1011 non
1234 971 1368 1014 solum
1390 974 1525 1028 statio,

45 1024 120 1066 sed
159 1025 252 1080 ipsa
290 1026 417 1066 etiam
455 1026 585 1067 sessio
622 1026 763 1080 gravis
800 1025 903 1066 mihi
943 1040 1085 1066 morae
1126 1026 1351 1080 videretur,
1391 1028 1525 1070 disco-

43 1085 188 1135 operto
220 1081 371 1135 capite,
403 1080 516 1135 quod
544 1080 678 1121 malae
708 1080 937 1122 valetudini
967 1096 1085 1122 meae
1115 1082 1239 1122 nimis
1271 1085 1525 1126 contrarium

42 1141 144 1187 erat,
175 1143 271 1176 ante
301 1150 344 1176 se
375 1151 441 1176 me
459 1142 582 1177 'stare
615 1136 773 1190 coegit,
812 1137 881 1176 cui
911 1142 952 1177 et
982 1137 1061 1177 ait:
1107 1136 1296 1178 ‘Domini
1324 1139 1385 1179 tui
1413 1141 1527 1195 regis

42 1190 211 1233 Ottonis
239 1191 387 1243 nuntii,
418 1191 490 1245 qui
521 1191 718 1246 preterito
740 1198 779 1232 te
800 1198 1090 1245 precesserant
1109 1206 1219 1233 anno
1232 1201 1259 1245 ¹,
1290 1193 1525 1237 iuramento

40 1245 144 1286 mihi
172 1246 468 1301 promiserunt,
497 1254 538 1288 et
567 1246 839 1287 iurisiurandi
858 1245 1021 1289 litterae
1041 1247 1393 1302 inpresentiarum
1414 1258 1524 1305 sunt,

39 1315 257 1356 nunquam
302 1301 420 1342 illum
458 1302 502 1342 in
538 1301 681 1357 aliquo
719 1309 910 1343 nostrum
954 1302 1238 1345 scandalizare
1281 1305 1522 1360 imperium.

39 1356 116 1398 Vis
156 1358 291 1398 maius
331 1356 590 1409 scandalum,
631 1372 759 1413 quam
800 1358 914 1413 quod
958 1372 1001 1399 sc
1043 1358 1341 1413 imperatorem
1382 1370 1521 1416 vocat,

36 1413 204 1468 imperii
252 1413 384 1454 nostri
432 1412 617 1454 themata
665 1413 745 1454 sibi
794 1413 998 1468 usurpat?
1054 1413 1245 1469 Utraque
1293 1430 1376 1456 non
1426 1424 1523 1458 sunt

36 1467 225 1520 ferenda3
258 1475 299 1509 et
327 1469 363 1508 si
393 1474 570 1523 utraque
600 1468 895 1523 importabilia,
932 1468 1043 1510 istud
1082 1476 1144 1510 est
1171 1484 1256 1510 non
1285 1470 1520 1525 ferendum,

36 1524 166 1564 immo
196 1538 274 1564 nec
303 1523 572 1575 audiendum,
613 1523 726 1578 quod
761 1538 806 1564 se
836 1524 1131 1579 imperatorem
1173 1527 1374 1567 nominat.
1435 1529 1520 1570 Sed

37 1578 73 1620 si
102 1578 327 1620 confirmas
358 1579 504 1620 eadem
536 1592 644 1634 quae
675 1579 756 1634 ipsi
785 1579 988 1632 fecerunt,
1025 1579 1283 1621 fortunatum
1324 1588 1364 1623 te
1394 1590 1520 1639 atque

35 1633 288 1689 locupletem
317 1634 485 1690 imperii
514 1635 645 1675 nostri
675 1636 872 1676 maiestas
903 1636 984 1676 cito
1025 1635 1229 1677 dimittet'.
1296 1637 1348 1677 Id
1377 1646 1519 1680 autem

36 1704 85 1732 eo
106 1704 191 1730 non
212 1688 333 1743 dixit,
356 1697 402 1730 ut
422 1704 510 1742 vos,
533 1691 567 1730 si
588 1704 683 1731 mea
703 1690 785 1741 hoc
806 1689 984 1732 stultitia
1003 1690 1170 1743 faceret,
1201 1701 1520 1735 conservaturos

37 1752 260 1801 spei-area,
301 1745 375 1786 sed
413 1744 546 1787 voluit
574 1744 728 1787 habere
764 1760 839 1800 pre
874 1746 1085 1798 manibus,
1127 1747 1241 1801 quod
1277 1748 1321 1788 in
1351 1747 1519 1791 laudem

34 1815 155 1842 suam
186 1807 227 1842 et
257 1800 555 1842 contumeliam
585 1807 770 1841 nostram
800 1801 1039 1843 ostenderet
1066 1801 1217 1843 futuris
1242 1804 1518 1859 temporibus.

147 1857 212 1898 26.
259 1855 340 1896 Cui
379 1856 571 1911 inquam:
624 1856 784 1911 ‘Nuper
821 1857 1112 1898 sanctissimus
1152 1857 1347 1900 dominus
1386 1875 1518 1914 meus,

35 1918 82 1953 ut
111 1917 174 1952 est
204 1911 538 1966 sapientissimus
570 1918 610 1953 et
639 1911 789 1967 spiritu
819 1911 885 1953 dei
914 1911 1086 1967 plenus,
1124 1913 1229 1954 haec
1263 1929 1519 1969 prenoscens

35 1981 144 2023 quae
174 1967 342 2019 asseris,
373 1981 426 2007 ne
456 1968 669 2019 terminos,
708 1981 813 2022 quos
853 1968 1070 2009 constituit
1107 1968 1221 2019 mihi,
1251 1971 1519 2013 transcende-

33 2037 135 2075 rem,
166 2021 362 2075 ἓντόλινα,
392 2022 435 2064 id
466 2029 530 2063 est
558 2030 820 2078 preceptum,
857 2024 1121 2078 conscripsit,
1160 2025 1275 2080 quod
1310 2032 1351 2066 et
1379 2026 1517 2082 sigillo

33 2078 219 2132 signavit
248 2092 337 2130 suo,
367 2093 419 2119 ne
450 2092 571 2119 secus
601 2078 810 2119 facerem'.
869 2079 975 2132 Scis,
1017 2079 1186 2121 domine
1226 2081 1284 2120 mi
1323 2090 1516 2137 auguste,

32 2148 118 2190 qua
146 2133 190 2174 id
219 2133 377 2174 fiducia
407 2133 599 2174 dixerim.
659 2132 888 2175 ‘'Evtdmva
927 2133 1042 2176 istud
1076 2135 1121 2175 in
1158 2135 1345 2177 medium
1379 2138 1517 2192 profe-

31 2196 161 2242 ratur,
205 2196 245 2230 et
285 2188 488 2243 quicquid
528 2189 708 2241 iusserit,
754 2190 989 2231 itu'amento
1027 2205 1053 2231 a
1089 2205 1156 2232 me
1196 2190 1274 2233 tibi
1312 2192 1515 2235 firmetur.

33 2243 119 2287 Sed
136 2243 271 2300 quodb
288 2244 477 2299 preteriti
500 2245 634 2284 nuntii
657 2251 798 2299 preter
820 2245 1049 2287 iussionem
1071 2244 1232 2287 domini
1256 2248 1339 2288 mei
1359 2250 1515 2303 promi-

0 2342 1 2353 *
30 2306 186 2353 serunt,
216 2300 472 2350 iuraverunt,
503 2301 854 2355 conscripserunt,
884 2301 942 2341 ita
962 2306 1036 2354 est,
1058 2307 1106 2343 ut
1124 2300 1244 2343 Plato
1266 2303 1344 2344 ait:
1374 2302 1516 2346 Causa

0 2370 1 2394 1
30 2370 158 2412 penes
189 2361 417 2410 optantem,
448 2354 552 2396 deus
582 2362 702 2396 extra
731 2355 923 2411 culpam’.

141 2410 208 2451 27.
253 2410 332 2451 His
364 2409 556 2466 expletis,
591 2418 763 2452 ventum
804 2418 867 2452 est
905 2411 960 2452 ad
989 2412 1271 2454 nobilissimos
1299 2415 1513 2470 principes

32 2465 284 2522 Capuanum
314 2471 355 2506 et
383 2466 732 2507 Beneventanum
744 2474 772 2519 ²,
834 2481 910 2508 uos
940 2467 1030 2523 ipse
1059 2482 1203 2509 servos
1231 2469 1434 2522 nominat,
1473 2478 1514 2512 et

29 2521 83 2563 ob
115 2536 221 2577 quos
250 2521 471 2562 intestinus
500 2522 640 2576 ipsum
659 2523 792 2578 agitat
843 2521 942 2563 olor.
983 2522 1176 2576 ‘Servos',
1205 2523 1354 2580 inquit,
1385 2529 1513 2566 ‘meos

29 2575 225 2618 dominus
254 2584 353 2618 tuus
382 2577 426 2617 in
454 2576 629 2619 tutelam
659 2578 809 2631 recipit
839 2592 980 2631 suam,
1013 2593 1119 2634 quos
1148 2579 1181 2619 si
1201 2594 1286 2619 non
1307 2579 1512 2621 dimiserit

30 2638 72 2674 et
99 2633 142 2672 in
169 2632 389 2688 pristinam
419 2633 663 2675 servitutem
692 2632 915 2687 redegerit,
953 2642 1095 2675 nostra
1124 2634 1309 2675 amicitia
1339 2635 1510 2677 carebit.

33 2714 62 2748 a)
86 2717 282 2741 conseruatos
304 2723 458 2747 sperarem
480 2716 507 2742 C.
531 2717 634 2742 emend.
660 2716 840 2742 (liesebrecht.
921 2715 953 2749 b)
976 2717 1055 2748 quod
1077 2718 1141 2743 add.
1164 2717 1343 2743 Giesebrechc.

33 2776 69 2821 1)
99 2779 152 2812 Cf.
182 2790 211 2811 c.
240 2780 304 2820 31,
340 2779 479 2812 Contin.
514 2780 688 2821 Reginon.
725 2779 808 2810 967.
920 2778 956 2821 2)
989 2779 1183 2812 pandolfus
1219 2785 1326 2822 caput
1359 2781 1509 2813 ferreum

28 2828 191 2870 princeps
220 2827 409 2871 Capuanus
436 2832 471 2860 et
496 2828 693 2860 Landulfus
729 2828 836 2860 frater
863 2828 950 2867 eius,
979 2827 1049 2859 dux
1074 2829 1361 2870 Beneventanus,
1389 2830 1510 2862 Ottoni

29 2885 120 2908 anno
147 2877 215 2907 967
243 2878 385 2908 ineunte
412 2886 448 2908 se
476 2876 717 2908 subdiderant.

1136 2941 1201 2973 10‘
