1853 3209
197 231 243 263 52
394 229 695 262 LIUDPRANDI
721 225 1064 260 ANTAPODOSIS.
1116 226 1209 259 LIB.
1237 227 1284 259 ΙΙ.
1338 226 1492 257 70—73.

135 347 180 371 94·
311 342 376 382 70.
421 340 501 381 His
532 338 724 394 expletiS,
755 351 930 378 aureum
960 350 1044 377 non
1082 337 1199 391 parvi
1238 336 1436 391 ponderis
1479 333 1680 390 poculum

196 411 273 438 rex
314 397 352 437 ei
390 395 596 451 porrexit,
639 399 766 448 atque
807 390 1045 432 subiunxit:
1103 392 1286 432 ‘Amoris
1327 391 1556 446 salutisque
1596 390 1680 430 mei

198 466 328 493 causa
357 451 470 506 quod
500 449 750 500 continetur,
779 446 964 499 bibit025
996 446 1111 501 quod
1132 448 1327 499 continet,
1358 445 1536 487 habeto'.
1568 445 1680 486 Vere

199 509 356 562 quippe
397 513 437 547 et
473 504 633 560 absque
663 503 935 557 ambiguitate
976 508 1071 556 post
1100 509 1246 556 potum
1275 502 1462 543 introivit
1492 502 1535 541 in
1563 500 1681 541 illum

198 562 428 613 Sathanas3
462 558 819 615 quemadmodum
849 564 891 598 et
919 557 971 597 de
992 557 1099 597 Iuda
1127 557 1340 611 proditore
1361 557 1521 598 domini
1550 556 1683 597 nostri

2 629 48 654 oh.
72 629 119 660 13,
137 628 182 654 27·
197 619 295 659 Iesu
326 616 482 658 Christi
512 616 716 669 scriptum
746 619 829 655 est:
859 613 985 664 ‘Quia
1014 617 1110 667 post
1130 611 1337 654 bucellam
1366 619 1465 653 tunc
1496 611 1684 653 introivit

198 674 242 714 in
271 672 390 713 illum
422 671 654 712 Sathanas'.

312 741 376 780 71.
422 737 627 779 Beneficii
672 736 829 792 quippe
872 734 1062 789 preteriti
1107 741 1147 775 et
1195 736 1402 790 presentis
1447 735 1683 784 immemor,

197 796 436 837 insomnem
474 793 588 833 illam
623 793 736 846 regis
776 792 819 831 in
848 805 996 831 necem
1035 789 1215 844 populos
1244 790 1483 845 instigando
1513 789 1685 845 pertulit

51 865 59 873 ’
73 873 103 899 p·
118 867 183 892 301.
198 857 378 891 noctem.
436 849 530 890 Rex
549 853 672 888 nocte
693 846 776 899 illa,
807 844 1163 901 quemadmodum
1184 853 1225 886 et
1244 845 1390 887 solitus
1412 853 1511 898 erat,
1541 846 1686 885 *iuxta

199 905 438 956 aeclesiam,
468 918 554 944 non
583 903 626 942 in
657 902 783 943 domo
815 915 924 956 quae
964 900 1132 942 defendi
1168 908 1331 955 posset,
1370 901 1443 942 sed
1483 901 1527 941 in
1563 906 1685 955 tugu-

198 960 302 1002 riolo
335 959 519 1016 quodam
549 958 748 999 manebat
776 957 1085 998 amoenissimo.
1146 955 1230 997 Sed
1260 964 1301 997 et
1331 956 1525 997 custodes
1561 962 1685 996 nocte

200 1017 349 1059 eadem
378 1030 463 1056 non
491 1021 702 1069 posuerat,
733 1011 862 1053 nichil
893 1012 1112 1067 suspicans
1144 1012 1270 1053 etiam
1301 1011 1412 1052 mali.

112 1086 183 1120 (20.)
256 1072 311 1113 Se
338 1072 523 1126 primum
555 1070 746 1125 quatiens
774 1069 923 1123 strepit
963 1082 998 1106 20
1020 1067 1115 1107 Hoc
1147 1067 1249 1123 quid
1278 1068 1414 1108 visere
1459 1068 1529 1120 sit,
1569 1065 1687 1107 videt

257 1126 420 1179 Gallus,
451 1140 548 1166 cum
577 1124 726 1180 vigiles
756 1124 859 1164 facit
1019 1125 1213 1163 Armatas
1245 1122 1427 1164 militum
1458 1136 1621 1163 manus.

255 1182 469 1234 Mortales,
500 1180 621 1221 solito
652 1187 772 1220 sonat
1017 1178 1053 1218 F
1055 1177 1308 1219 lambertum
1337 1185 1461 1219 vocat
1490 1177 1666 1219 eminus.

254 1239 311 1278 Et
340 1237 507 1294 pulsata
536 1236 614 1277 deo
647 1236 758 1276 canit
1019 1234 1148 1285 ‘Quid
1161 1234 1281 1275 turbe
1300 1236 1385 1285 est’,
1404 1235 1475 1286 ait,
1497 1237 1563 1274 ‘en
1577 1232 1686 1273 bone

221 1308 236 1331 5
257 1294 349 1334 Iam
380 1300 480 1333 tune
511 1306 641 1332 aenea
670 1289 877 1342 machina,
1018 1289 1121 1330 Vir‘?
1139 1290 1240 1345 quid
1252 1304 1363 1330 nunc
1374 1288 1557 1344 populus
1570 1288 1689 1342 cupit

255 1349 497 1403 Invitatque
527 1347 682 1388 docens
712 1346 819 1387 bene
965 1358 999 1382 25
1021 1343 1221 1386 Armatus
1251 1346 1434 1386 referens
1465 1343 1659 1384 manus'?

256 1404 517 1445 Loetheuml
550 1417 679 1457 grave
713 1416 923 1456 spernere,
1019 1399 1271 1455 Respondit:
1304 1401 1500 1442 ‘Vereare
1529 1398 1602 1440 nil.

256 1459 425 1499 Laudes
456 1458 554 1498 huic
585 1457 711 1498 modo
736 1456 924 1509 reddere,
1020 1455 1080 1496 Te
1111 1470 1195 1496 non
1225 1462 1271 1496 ut
1300 1456 1509 1511 perhimat
1537 1456 1636 1506 ruit,

257 1514 342 1566 Qui
372 1515 502 1555 vitam
533 1513 691 1564 tribuit,
724 1511 840 1553 dedit
1021 1510 1106 1551 Sed
1135 1526 1324 1566 pugnare
1354 1510 1488 1552 libens
1520 1511 1637 1565 cupit

205 1586 238 1610 10
263 1571 318 1611 Et
346 1570 469 1611 nobis
501 1582 701 1624 superam
731 1568 838 1608 bene
1021 1566 1113 1606 Hac
1144 1580 1240 1607 cum
1270 1573 1401 1622 parte,
1432 1574 1552 1607 tuum
1582 1566 1689 1621 petit

259 1626 460 1667 Sanctam
491 1639 665 1680 querere
695 1624 896 1678 patriam3
965 1635 999 1660 30
1021 1621 1125 1663 Mox
1157 1623 1228 1677 qui
1258 1621 1402 1664 tollere
1431 1620 1649 1677 spiritum’.

20 1697 38 1721 i.
61 1703 85 1721 e.
106 1698 186 1720 tune.
257 1681 361 1722 Hic*
393 1696 469 1721 rex
499 1679 694 1721 eclesiam
724 1679 841 1734 petit,
1023 1677 1241 1733 Deceptus
1273 1684 1471 1733 properat
1499 1677 1582 1718 fide

257 1737 323 1777 Ac
351 1736 498 1777 laudes
529 1735 699 1776 domino
731 1735 855 1776 canit.
1021 1732 1114 1774 Rex
1145 1735 1235 1785 hac,
1265 1735 1310 1774 in
1339 1733 1500 1775 medios
1532 1732 1666 1782 simul,

257 1792 525 1833 Flambertus
559 1805 777 1846 imperans
797 1789 924 1842 volat,
1020 1789 1151 1829 Tumb
1183 1795 1332 1844 captus
1362 1788 1471 1830 male
1501 1789 1687 1841 ducitur3

205 1864 238 1888 15
261 1849 458 1900 Quocum
474 1862 532 1887 mi
564 1854 607 1887 ta
622 1845 746 1886 simul
762 1860 924 1897 manus,
1018 1844 1058 1884 A
1088 1851 1206 1899 tergo
1238 1846 1349 1886 hunc
1378 1844 1473 1886 ferit
1502 1844 1659 1899 impius

258 1904 318 1944 Ut
346 1918 489 1957 regem
519 1901 728 1957 perhimat
751 1900 923 1942 bonum.
965 1912 1000 1937 35
1021 1900 1262 1955 Romphea3
1295 1901 1408 1942 cadit
1436 1900 1518 1941 heu
1546 1899 1642 1955 pius
1658 1907 1686 1952 ²,

50 1974 136 2007 April
161 1975 186 1998 τ.
258 1960 351 2000 Rex
380 1959 530 1999 horum
559 1956 664 2012 vigil
697 1957 868 2009 inscius,
1019 1955 1288 2012 Felicemque
1319 1971 1443 1997 suum
1473 1955 1551 1996 deo

257 2014 390 2054 Audit
410 2014 511 2054 dum
533 2014 767 2068 strepitum,
797 2011 925 2052 nichil
1021 2010 1301 2053 Commendat
1329 2013 1398 2067 pie
1428 2011 1645 2067 spiritum!

258 2069 524 2121 Formidans,
554 2076 754 2124 properat
783 2069 905 2119 citus,

316 2150 380 2193 72,
440 2149 638 2204 Denique
695 2162 821 2204 quam
877 2147 1143 2187 innocentem
1200 2147 1449 2201 sanguinem
1503 2146 1688 2187 fuderint

205 2212 495 2260 quantumque
538 2206 726 2259 perversi
769 2217 968 2258 perverse
1012 2202 1184 2255 egerint,
1234 2203 1354 2244 nobis
1398 2201 1685 2253 reticentibus,

202 2260 310 2315 lapis
355 2266 451 2301 ante
496 2259 717 2300 cuiusdam
760 2258 964 2300 aeclesiae
1002 2259 1173 2298 ianuam
1217 2259 1390 2313 positus,
1436 2258 1685 2312 sanguinem

204 2317 293 2357 cius
322 2316 637 2357 transeuntibus
667 2315 830 2356 cunctis
862 2313 1085 2355 ostendens
1118 2314 1315 2354 insinuat.
1373 2312 1497 2354 Nullo
1529 2313 1685 2368 quippe

204 2371 415 2413 delibutus
446 2385 725 2426 aspersusque
755 2369 921 2425 liquore
951 2368 1142 2410 discedit.

318 2452 381 2492 73.
440 2451 655 2492 Nutrierat
686 2450 765 2491 sibi
795 2465 871 2491 rex
902 2450 1184 2503 Berengarius
1211 2447 1470 2488 familiariter
1489 2447 1686 2503 lauteque

204 2508 414 2558 iuvenem,
458 2507 587 2546 immo
628 2506 797 2547 heroem
840 2505 1064 2560 quendam,
1109 2503 1210 2544 Milo
1255 2504 1437 2554 nomine,
1482 2503 1685 2544 memoria

205 2563 305 2603 satis
335 2575 385 2602 ac
415 2561 539 2603 laude
570 2561 760 2615 dignum.
821 2561 954 2602 Cuius
995 2561 1029 2600 si
1059 2575 1133 2600 rex
1173 2559 1303 2600 fretus
1334 2558 1518 2599 consiliis
1562 2565 1684 2609 esset,

204 2619 392 2658 fortunas
424 2616 504 2658 sibi
535 2632 678 2657 omncs
708 2631 793 2657 non
821 2622 984 2656 tantum
1015 2615 1228 2656 adversari
1261 2614 1443 2663 sentiret,
1476 2614 1556 2654 nisi
1587 2614 1685 2669 quia

206 2724 236 2757 a)
260 2725 346 2750 libito
370 2727 394 2749 1.
415 2733 469 2755 pro
492 2725 585 2749 libato
609 2724 644 2757 (?)
667 2725 709 2748 vel
729 2724 835 2750 bibito.
915 2723 945 2755 b)
969 2724 1053 2748 Tunc
1077 2723 1129 2748 52.

209 2811 246 2853 1)
272 2814 295 2843 i.
323 2823 354 2844 e.
381 2823 551 2853 somnum,
582 2812 625 2845 cf.
654 2813 668 2844 1
697 2822 728 2844 c.
759 2812 814 2844 12.
885 2810 921 2853 2)
945 2810 1132 2851 Nem-olog.
1159 2810 1399 2842 Modiciense:
1430 2810 1510 2842 VII.
1530 2809 1583 2841 Id.
1603 2809 1685 2851 Apr¹

207 2861 295 2892 obiit
321 2861 557 2903 Berengarius
583 2862 773 2903 imperator
800 2870 890 2891 anno
919 2860 962 2891 ab
991 2859 1232 2891 incarnatione
1261 2859 1342 2889 924.
