1902 3200
271 221 569 265 LIUDPRANDI
596 220 939 254 ANTAPODOSIS.
990 221 1083 254 LIB.
1112 222 1158 255 ΙΙ.
1211 224 1241 255 6.
1460 226 1501 256 31

29 331 200 384 faceres,
234 331 347 387 quod
377 331 547 371 domino
584 337 655 372 tuo
692 329 858 372 rebellis
896 330 1110 383 existeres,
1151 333 1369 386 presertim
1408 349 1502 375 011111

29 394 71 428 01
111 387 222 442 (1110(1
259 387 362 440 agis,
400 386 529 426 facias
569 386 718 440 gratis,
765 400 813 426 eo
851 386 962 426 enim
1004 400 1085 440 quo
1124 385 1338 428 ferocitate
1376 390 1502 429 animi

29 442 250 493 vinceris1,
290 448 490 496 quantum
530 441 582 481 ab
619 440 825 493 omnibus,
866 440 1065 496 precipue
1103 456 1128 481 a
1166 455 1265 495 rege
1305 441 1502 497 diligaris,

27 511 110 537 11011
140 496 356 551 intellegis.
417 496 660 538 Consulenti
695 497 836 551 itaque
866 496 967 536 mihi
997 496 1123 536 fidem
1154 496 1346 549 admitte,
1378 498 1504 539 iusiu-

27 552 204 592 randum
235 552 393 606 accipe,
425 566 508 607 quo
540 552 627 593 sine
658 553 786 592 animi
814 550 1077 592 vacillatione
1108 551 1159 592 de
1190 551 1358 593 castello
1389 554 1503 595 exire

27 607 168 649 valeas
198 613 239 648 et
267 607 415 648 redire.
477 606 522 647 Si
561 607 783 648 sacerdotii
822 607 904 647 mei
944 607 1294 662 promissionibus
1334 608 1503 649 minime

29 662 177 715 credis,
208 663 443 703 11111111101110
475 662 619 703 saltem
660 677 711 703 ne
752 661 931 714 diffidas,
969 663 1167 717 quoniam
1197 668 1242 702 ut
1272 670 1312 704 te
1341 662 1503 704 salvum

27 723 67 759 et
96 717 348 758 incolumem
381 717 431 759 de
463 717 634 759 castello
666 718 744 758 hoc
774 717 973 770 eduxero,
1015 719 1072 759 ita
1108 726 1149 758 ct
1179 717 1379 759 reducere
1410 733 1503 773 pro-

27 772 207 814 curabo’.
251 772 505 815 Adelbertus
529 774 656 827 igitur
675 772 915 814 huiusmodi
936 772 1056 814 melle
1078 772 1336 814 dulcioribus
1358 773 1504 828 elogiis

26 827 249 881 delibutus,
280 829 409 869 immo
449 828 661 883 deceptus,
692 828 982 869 iusiurandum
1019 828 1071 869 ab
1110 828 1294 870 Hattone
1325 830 1502 884 accepit,

26 898 218 939 eumque,
250 891 295 925 ut
326 898 469 925 secum
500 884 736 939 pranderet,
768 885 958 939 protinus
987 885 1191 925 invitavit.
1252 883 1379 926 Hatto
1405 899 1503 926 vero

25 940 404 993 tergaversationis,
437 953 562 994 quam
593 954 790 980 exercere
820 947 915 994 post
944 939 1160 994 paululum
1198 946 1381 994 cuperat,
1421 954 1503 981 non

24 995 241 1046 inmemor,
292 995 438 1036 codem
486 1009 529 1035 se
578 994 904 1049 haudquaquam
954 1009 1202 1049 pransurum
1253 995 1504 1036 omnimodis

23 1049 253 1091 interdixit.
318 1049 407 1090 Nec
447 1064 576 1101 mora,
617 1049 747 1090 Hatto
787 1050 837 1090 de
879 1049 1048 1091 castello
1089 1050 1312 1104 egreditur.
1373 1049 1503 1091 Cuius

25 1105 241 1146 dexteram
271 1104 524 1146 Adelbertus
555 1112 711 1154 tenens,
752 1119 853 1145 mox
890 1120 985 1145 eum
1021 1106 1304 1160 prosequitur.
1365 1105 1503 1157 Quem

24 1175 120 1202 011111
150 1166 270 1202 extra
300 1159 518 1201 castellum
544 1160 674 1201 Hatto
707 1161 985 1215 conspiceret:
1018 1160 1246 1214 ‘Poenitet’,
1275 1160 1377 1213 infit,
1411 1166 1502 1214 (1110,

23 1216 145 1258 heros
189 1216 368 1270 egregie,
411 1215 523 1270 quod
564 1215 795 1257 secundum
832 1224 951 1258 tuum
990 1215 1238 1269 consultum,
1283 1218 1503 1271 presertim

23 1286 118 1312 011111
162 1271 410 1327 perlongum
454 1271 532 1312 iter
575 1272 803 1323 immineat,
857 1285 1009 1326 00111118
1054 1271 1192 1313 edulio
1236 1271 1375 1328 aliquo
1420 1288 1503 1313 non

22 1326 262 1368 refecerim'.
307 1327 511 1380 Ignorans
533 1326 713 1382 denique
733 1326 1000 1379 Adelbertus,
1023 1333 1226 1383 quantum
1247 1328 1504 1369 incommodi

50 1388 278 1423 uantumve
308 1381 522 1423 infortunii
552 1381 628 1423 hec
659 1383 865 1424 sententia
886 1382 1056 1424 habeat:
1089 1383 1401 1437 ‘Revffl-tmnur',
1433 1384 1502 1437 ait,

23 1397 202 1480 11101111ῃο
233 1439 304 1489 1111,
336 1444 376 1479 01
405 1452 457 1479 110
488 1438 662 1478 ieiuniia
693 1439 974 1479 maceratione
1001 1453 1155 1493 corpus
1176 1438 1376 1492 tabescat,
1409 1440 1502 1480 cibo

11 1493 168 1543 saltem
199 1492 415 1548 paululum
438 1492 648 1534 reereato’.
708 1493 919 1535 Conivens
949 1495 1090 1549 itaque
1112 1495 1200 1535 eius
1222 1495 1502 1550 peticionibus

21 1549 165 1601 Hatto,
195 1564 272 1604 per
301 1562 427 1603 quam
458 1563 553 1589 eum
586 1549 731 1590 eduxit
744 1549 774 1602 b,
806 1549 1023 1604 repedavit
1043 1557 1083 1591 01
1102 1550 1308 1591 reducens
1330 1550 1504 1591 dextera

21 1612 178 1647 tenens.
238 1604 368 1644 Haud
388 1618 518 1656 mora,
551 1605 667 1645 cibus
697 1606 936 1658 assumitur,
959 1611 1082 1659 atque
1105 1604 1156 1645 ab
1180 1606 1238 1646 eis
1270 1605 1335 1647 die
1357 1606 1502 1647 eadem

20 1675 154 1715 usque
193 1659 247 1700 ad
284 1674 426 1713 regem
468 1666 729 1715 properatur.
800 1660 969 1701 Clamor
1008 1662 1050 1700 in
1091 1662 1237 1702 castris
1278 1661 1418 1713 Oritur,
1457 1661 1503 1702 fit

19 1714 220 1757 tumultus
250 1729 333 1755 non
370 1715 575 1767 modicus,
615 1715 819 1770 ‘quoniam
861 1716 1030 1770 quidem
1068 1715 1321 1757 Adelbcrtus
1359 1731 1501 1770 regem

19 1771 270 1812 advenisse2
300 1770 527 1814 nuntiatur.
586 1770 680 1811 Rex
710 1777 899 1825 preterea
929 1770 1053 1811 huius
1086 1770 1137 1811 ob
1169 1771 1397 1812 adventum
1418 1786 1502 1813 non

18 1841 168 1882 parum
199 1824 468 1878 exhilaratus,
540 1840 706 1867 roceres
746 1825 800 1866 ad
839 1841 882 1867 80
920 1827 1063 1867 venire
1103 1832 1229 1881 atque
1270 1827 1314 1866 in
1353 1827 1501 1868 iuditio

18 1882 201 1924 residere
232 1882 435 1937 precepit.
495 1841 660 1933 &uibus
690 1887 731 1921 et
761 1882 836 1922 ait:
878 1882 979 1922 ‘Iam
1010 1881 1095 1922 fere
1128 1882 1345 1938 septennio
1376 1882 1502 1924 Adel-

18 1938 160 1980 bertus
206 1943 382 1991 quantas
426 1943 585 1991 strages
630 1936 802 1989 dederit,
856 1952 959 1992 quas
1003 1937 1124 1978 nobis
1169 1937 1313 1979 turbas
1357 1938 1501 1992 egerit,

21 2000 123 2049 quot
150 1993 391 2048 rapinarum
423 1999 463 2034 et
493 1992 783 2033 incendiorum
813 1992 1037 2034 infortunia
1066 1992 1189 2034 nobis
1219 1992 1414 2046 intulerit,
1456 2009 1500 2034 re

18 2049 113 2105 ipsa
141 2049 282 2104 potius
314 2062 439 2103 quam
468 2047 582 2089 fama
612 2048 824 2089 deferente
845 2049 1126 2104 percepimus.
1185 2049 1309 2090 Unde
1341 2055 1381 2090 et
1411 2063 1500 2090 sen-

19 2105 191 2146 tentiam
213 2109 407 2154 vestram,
440 2118 515 2159 pro
537 2103 618 2144 1100
646 2106 756 2144 *tam
778 2104 967 2158 preclaro
997 2104 1182 2146 facinore
1213 2104 1314 2160 quid
1342 2119 1501 2146 recom-

18 2161 275 2216 pensationis
314 2159 663 2215 inpresentiarum
704 2160 896 2214 accipiat,
935 2159 1234 2215 expectamus’.
1294 2160 1378 2212 Qui
1416 2174 1500 2201 om-

17 2216 135 2257 nium
156 2215 337 2267 decreto,
359 2215 589 2256 secundum
619 2215 852 2270 priscorum
873 2216 1062 2256 instituta
1080 2230 1241 2270 regum,
1273 2216 1499 2257 maiestatis

18 2286 114 2313 reus
159 2271 445 2323 adiudicatus,
499 2271 635 2326 capite
679 2277 910 2312 truncatur.
982 2272 1142 2312 Verum
1188 2271 1288 2312 dum
1332 2271 1498 2313 vinctus

17 2326 252 2369 traheretur
294 2325 349 2367 ad
392 2332 582 2379 mortem,
628 2326 857 2368 Hattonem
901 2327 1097 2369 intuitus:
1148 2326 1362 2378 ‘Pei-iuris,
1408 2326 1498 2368 infit

19 2386 127 2424 ‘reus
166 2383 259 2436 eris,
301 2383 335 2423 81
373 2389 528 2423 memet
563 2396 710 2423 necem
744 2383 985 2423 incurrerec
1023 2382 1148 2423 sinis'.
1212 2382 1291 2424 Cui
1320 2382 1496 2423 Hattod:

20 2437 193 2479 ‘Sanum
223 2439 288 2490 te’,
317 2438 464 2493 inquit,
504 2441 539 2478 ‘e
579 2445 714 2479 castro
755 2437 1016 2491 educturum,
1055 2438 1113 2479 ita
1149 2444 1190 2480 et
1226 2437 1497 2479 reducturum

18 2494 210 2549 promisi3
242 2493 355 2549 quod
383 2508 450 2535 me
480 2500 579 2535 tunc
610 2492 826 2548 conplesse
856 2493 1056 2546 intellexi,
1089 2508 1184 2534 cum
1215 2499 1254 2534 te
1286 2507 1307 2534 e
1329 2491 1496 2534 castello

19 2548 229 2602 eductum,
275 2547 437 2590 salvum
483 2556 524 2590 et
561 2548 841 2590 incolumeme
883 2563 1011 2604 quam
1052 2563 1153 2590 mox
1192 2549 1236 2589 in
1282 2547 1497 2589 castellum

20 2674 48 2707 a)
72 2675 149 2700 iunii
172 2677 198 2702 1.
278 2674 308 2707 b)
333 2682 358 2701 e.
381 2676 463 2700 viam
486 2675 512 2701 5.
537 2676 589 2700 5a.
614 2675 678 2701 5a'.
767 2675 793 2708 c)
817 2677 938 2701 incurre
962 2677 986 2702 1.
1075 2674 1105 2706 d)
1128 2675 1197 2700 hato
1222 2676 1247 2700 1.
1329 2672 1357 2705 e)
1382 2674 1402 2699 i.
1427 2672 1497 2706 [non

20 2715 86 2740 dico
110 2713 266 2747 citissime]
292 2714 318 2740 5.
342 2712 379 2747 (?)
401 2718 457 2739 cres
477 2722 556 2739 voces
579 2722 677 2739 erasae
701 2716 726 2740 1.

22 2802 55 2842 1)
83 2799 105 2834 i.
135 2811 164 2834 e.
191 2805 333 2844 propter
363 2802 582 2835 ferocitatem
618 2803 737 2842 animi,
773 2812 842 2844 qua
876 2805 909 2834 te
945 2802 1039 2833 vinci
1073 2801 1168 2840 sinis,
1201 2808 1271 2832 non
1305 2799 1496 2841 intellegis,

18 2854 184 2893 quantum
212 2855 270 2882 etc.
373 2849 409 2892 2)
437 2851 459 2882 i.
488 2861 517 2883 e.
546 2850 590 2883 ad
621 2861 740 2893 regem
767 2851 916 2882 venisse.

1519 349 1582 375 906.

1515 2124 1524 2134 '
1539 2135 1565 2158 p.
1578 2127 1642 2153 290.
