1902 3200
225 263 523 308 LIUDPRANDI
550 263 893 296 ANTAPODOSIS.
944 265 1034 296 LIB.
1064 265 1104 296 V.
1159 266 1312 297 23-Ξὸ.
1441 269 1504 300 113

1522 364 1586 389 945.

32 376 186 417 stitutis
231 374 418 416 attritum
462 373 674 414 haberent.
747 373 900 414 Partaa
949 374 1032 414 iam
1082 374 1272 429 frigidior
1321 373 1711 441 (10110151),ίΕΧΙΕΔΥὺειΘ

30 445 141 487 aqua
170 430 341 471 decocta
376 429 583 483 pruinis13
629 425 770 470 dulces
809 428 961 470 adsunt
998 429 1133 482 fabae,
1172 428 1366 470 lachana*
1406 445 1505 485 por-

30 487 148 542 rique
178 492 379 540 recentes.
438 484 532 525 Non
563 484 629 525 hic
660 484 844 525 marinae
866 483 1033 525 delitiae
1054 483 1235 537 morbos,
1267 485 1340 526 sed
1361 487 1509 527 crebra

29 542 166 597 potius
193 540 369 581 'ieiunia
418 545 569 581 creant.
647 540 833 581 Turbam
882 554 982 580 vero
1033 540 1139 581 hanc
1188 547 1364 592 tantam,
1422 547 1507 582 tam

30 603 332 651 sumptuosam,
371 595 592 636 modicitas
624 602 766 637 nostra
806 609 889 636 non
918 596 1086 651 recipit;
1131 602 1320 637 vestrum
1357 595 1507 637 solum-

28 650 153 691 modo
184 651 406 705 imperium
437 652 623 706 suscipit,
656 650 781 706 quod,
812 665 864 691 ne
894 657 1113 706 paternam
1138 651 1347 693 desereret
1368 666 1508 693 senec—

26 713 171 759 tutem,
192 706 371 747 advenit’
386 714 413 745 ².
454 707 665 747 Romanos
687 707 789 747 haec
811 714 851 748 et
871 706 1165 748 huiuscemodi
1190 708 1507 761 perstringente,

29 761 267 817 Stephanus
298 769 336 803 et
367 761 664 803 Constantinus
694 762 768 802 filii
798 761 1047 817 pudibundo
1080 769 1325 803 contuentes
1350 761 1507 804 lumine

26 823 191 870 terram,
225 831 349 873 quam
379 818 510 859 invite
540 818 840 859 monasterium
871 825 1071 874 peterent,
1114 832 1198 858 non
1240 825 1302 860 cst
1332 833 1506 874 percon-

26 873 105 914 tari
134 887 303 914 necesse
335 873 408 915 sed
429 873 609 914 credere.
669 874 884 929 Expansis
905 875 1046 929 itaque
1070 880 1166 929 post
1186 873 1290 915 11300
1311 875 1506 916 manibus

25 927 80 969 ad
100 927 240 970 altaris
254 937 268 956 ⁰
290 929 502 970 Roma-nos
524 929 782 985 crepidinem
802 929 931 982 fusus,
948 929 1185 970 huiusmodi
1204 944 1301 971 cum
1322 929 1506 971 lacrimis

27 983 105 1025 deo
136 999 280 1039 preces
311 985 477 1026 effudit:

52 1041 118 1084 24,
149 1039 327 1081 ‘Christe
345 1040 460 1092 deus,
474 1055 570 1080 cum
588 1054 670 1095 quo
687 1047 805 1095 pater
822 1046 885 1081 est
901 1047 940 1080 et
957 1040 1128 1094 spiritus
1145 1055 1287 1092 unum,
1332 1041 1504 1081 Versus.

148 1095 244 1135 Iure
264 1096 393 1149 patris
414 1096 602 1147 verbum,
626 1110 701 1149 per
721 1095 834 1150 quod
855 1102 975 1151 pater
995 1096 1136 1135 omnia.
1156 1095 1311 1136 mundo

149 1150 334 1191 Innotuit
364 1158 525 1191 secreta
555 1150 639 1205 poli
669 1166 743 1192 seu
772 1151 937 1191 mistica
968 1151 1169 1206 pandens,

148 1206 327 1262 Respice
358 1205 598 1246 ficmentum
629 1207 801 1262 propria
829 1205 1014 1247 bonitate
1047 1213 1247 1248 creatum.

96 1275 115 1306 5
148 1262 210 1303 Ne
241 1262 412 1317 patiare,
442 1276 604 1317 precor,
636 1262 824 1303 demonis
854 1277 921 1303 me
951 1262 1128 1303 frauded
1160 1263 1306 1317 perire,

149 1318 362 1372 Sanguine
393 1332 518 1373 quem
550 1332 668 1358 sacro
698 1317 867 1358 voluisti
896 1318 1071 1359 reddere
1102 1318 1207 1359 vite!

147 1373 229 1425 Da,
261 1373 376 1426 deus,
406 1380 452 1414 ut
480 1373 626 1414 mundi
656 1373 840 1415 tumidos
872 1373 1033 1414 calcare
1065 1381 1236 1415 conatus

146 1428 237 1469 Iam
267 1428 443 1481 valeam,
473 1430 674 1485 sistatque
703 1429 851 1484 procul
882 1437 1100 1485 corruptor
1128 1430 1311 1484 iniquus,

148 1483 230 1526 Cui
259 1483 376 1525 labor
405 1490 468 1525 est
497 1486 656 1525 animas
689 1500 852 1540 semper
881 1485 1023 1526 fedare
1054 1486 1217 1526 beatas!

38 1582 41 1583 γ
68 1552 113 1584 10
146 1540 341 1595 Imperiie
374 1554 471 1581 011111
502 1548 663 1594 sceptra
697 1540 790 1590 tuli:
820 1556 932 1581 nunc
962 1540 1074 1581 haud
1102 1540 1249 1596 placet,
1283 1541 1391 1581 esto!

148 1595 296 1637 Gratia
325 1596 521 1651 dignatus
551 1596 627 1636 tibi
658 1597 710 1637 sit
741 1597 852 1652 quod
882 1596 1060 1651 pelleres
1088 1597 1266 1651 iniquos,

147 1652 319 1707 Imperii
350 1660 518 1693 teneant
548 1652 697 1693 solium
727 1668 779 1694 ne
808 1653 959 1694 iniuste
989 1654 1234 1706 paternum'.

134 1708 199 1748 25.
245 1707 322 1748 His
353 1709 409 1748 ita
438 1708 578 1762 gestis,
611 1707 805 1749 Stefanus
836 1715 962 1763 atque
985 1708 1286 1750 Constantinus
1309 1707 1498 1748 custodia

23 1763 111 1817 iugi
142 1763 433 1816 observantur,
464 1772 583 1818 patre
615 1761 722 1818 (11130
753 1765 791 1804 01
820 1763 1062 1804 acciderant
1102 1764 1380 1818 equanimiter
1409 1778 1500 1817 per-

22 1818 216 1859 fe1·ente³.
276 1818 407 1859 Aiunt
437 1819 548 1859 enim
579 1819 701 1871 hunc,
742 1826 782 1860 ct
811 1818 887 1859 sub
924 1819 1199 1860 adtestatione
1239 1818 1500 1870 confirmant,

23 1872 123 1914 dum
153 1889 177 1915 a
197 1873 396 1915 fratribus
417 1874 538 1915 lentis
560 1875 612 1916 ob
633 1876 926 1930 purgationem
948 1873 1200 1930 culparetm·,
1222 1874 1500 1929 respondisse,

23 1929 136 1985 quod
165 1928 416 1971 luculentius
448 1938 653 1985 regnaret,
684 1931 756 1986 qui
786 1945 1003 1972 servorum
1024 1930 1091 1972 dei
1111 1929 1413 1971 humilitatibus
1435 1930 1503 1971 de-

23 1986 209 2039 serviret,
241 2000 368 2041 quam
399 1987 471 2042 qui
500 1986 741 2041 potentibus
770 1986 917 2027 mundi
947 1987 1242 2042 pecca-toribus
1262 1987 1501 2040 imperaret.
1519 2019 1590 2051 (10,

132 2042 197 2083 26.
242 2042 517 2083 Desideratus
547 2043 705 2084 interea
725 2043 1003 2097 Berengarius
1035 2058 1089 2083 ex
1110 2042 1347 2083 Suevorum
1376 2042 1500 2097 parti·
1518 2038 1583 2085 9411.

22 2095 114 2146 bus,
158 2098 306 2152 paucis
352 2113 494 2138 secum
540 2098 849 2145 comitantibus,
893 2113 918 2138 a
958 2097 1112 2139 Suevia
1152 2112 1228 2153 per
1267 2098 1500 2139 Venustam

22 2151 200 2194 vallem⁴
230 2152 394 2194 Italiam
424 2154 539 2208 petit,
570 2153 858 2209 applicuitque
899 2160 1036 2194 castra
1075 2168 1194 2195 secus
1224 2154 1499 2194 munitionem

21 2207 228 2250 vocabulo
260 2209 558 2261 Formicarias,
592 2224 699 2265 quae
729 2224 753 2249 a
782 2210 1020 2263 Mannasse,
1052 2210 1202 2250 utiam
1222 2209 1498 2264 prediximus,

21 2264 279 2305 Arelatensis
320 2265 431 2306 sedis
468 2265 798 2321 archiepiscopo,
820 2273 1027 2320 ‘tuncque
1058 2265 1341 2316 Tridentinae,
1372 2265 1500 2305 Vero—

21 2321 161 2361 nensis
198 2328 323 2376 atque
363 2321 616 2362 Mantuanae
656 2322 861 2373 invasore,
892 2320 1093 2362 Adelardi
1134 2321 1197 2362 sui
1234 2320 1374 2361 clerici
1414 2326 1501 2361 erat

20 2376 189 2431 vigiliae
220 2376 526 2418 commendata.
596 2377 788 2432 Cumque
829 2377 1111 2431 Berengarius
1152 2375 1306 2418 nullius
1346 2375 1497 2416 machi-

20 2432 237 2474 namenti&
278 2439 486 2488 apparatu
523 2432 761 2488 nulliusque
798 2432 896 2474 belli
932 2433 1091 2488 impetu
1131 2432 1239 2473 hanc
1276 2447 1318 2473 se
1349 2445 1499 2487 capere

22 2539 50 2572 a)
69 2541 179 2567 Parata
202 2542 254 2567 5a.
316 2541 346 2571 b)
370 2542 476 2566 occisis
499 2542 550 2567 53.
575 2542 708 2566 occiduis
732 2540 798 2566 5a‘.
863 2540 888 2573 c)
913 2542 1019 2566 alteris
1044 2543 1068 2566 1.
1132 2540 1161 2574 d)
1186 2541 1269 2565 trade
1295 2542 1320 2564 1.
1374 2541 1400 2573 e)
1413 2540 1500 2564 libuit

21 2580 86 2605 add.
113 2582 125 2605 1
149 2582 224 2612 quod
245 2589 297 2606 om.
323 2581 429 2612 Peiper.
512 2580 534 2611 f)
556 2581 594 2604 lla
615 2581 744 2611 corr-200,-
766 2581 882 2605 scilicet:
905 2582 1003 2611 gratia
1024 2581 1079 2605 tibi
1102 2581 1150 2611 sit,
1174 2580 1253 2610 quod
1277 2580 1416 2610 dignatus
1442 2577 1497 2611 [es]

21 2618 135 2650 pellere
157 2621 294 2651 iniquos;
316 2621 400 2644 rodet·
424 2621 445 2645 1.
470 2620 532 2651 leqit
554 2621 682 2652 pollere.
766 2620 795 2651 g)
820 2620 1074 2644 machinamentis
1101 2621 1125 2643 1.

25 2704 60 2747 1)
86 2705 243 2739 Iuvenal.
272 2708 344 2740 Sat.
373 2709 415 2748 V,
444 2709 501 2741 50.
602 2707 639 2749 2)
666 2707 802 2739 Similia
838 2707 880 2738 de
914 2706 980 2738 hoc
1016 2716 1174 2738 sermone
1208 2716 1228 2736 a
1263 2705 1421 2737 Romano
1454 2703 1498 2735 ad

21 2753 111 2786 filios
129 2754 248 2788 habito
268 2760 302 2788 et
321 2757 492 2799 Georgius
511 2757 705 2788 Monachus
725 2759 759 2787 et
778 2755 954 2787 Iohannes
973 2755 1128 2786 Venetus
1148 2754 1312 2785 referunt.
1366 2753 1400 2792 3)
1422 2753 1498 2786 ste-

20 2802 156 2845 phanus
184 2814 214 2836 3.
242 2805 310 2835 947
337 2806 374 2836 111
400 2805 626 2838 Samothrace
645 2804 760 2837 insula
787 2814 807 2836 a
827 2803 1031 2836 custodibus
1059 2807 1216 2841 necatus,
1244 2803 1421 2834 Romanos
1441 2801 1497 2834 die

24 2851 78 2883 15.
107 2851 189 2883 Iulii
223 2863 331 2885 mens.
359 2864 389 2886 a.
418 2854 486 2884 948
522 2858 675 2886 mortuus
713 2856 776 2885 est.
876 2853 912 2892 4)
940 2853 1124 2893 Vinstgau.
1228 2851 1262 2888 ὃ)
1291 2851 1366 2882 Iam
1396 2851 1495 2892 Sieg-

21 2900 237 2933 mundskron
262 2912 369 2944 prope
397 2902 611 2935 Bauzanum.

1173 2965 1191 2996 (l)
