1837 3209
313 259 397 291 XVI
774 255 1045 289 PRAEFATIO
1072 256 1313 289 EDITORIS.

316 368 533 423 Siqeberto
565 367 857 408 Gemblacensi
886 371 922 406 et
951 365 1124 406 Albrico
1159 367 1304 406 Trium
1321 367 1519 419 fontium
1549 366 1783 407 monachol

317 425 377 464 ad
406 438 561 464 manus
579 422 741 477 fuisse,
771 421 1022 462 lectionibus
1052 421 1152 460 inde
1173 422 1420 475 desumptis,
1454 427 1556 462 recte
1579 421 1785 462 coniicere

315 480 523 520 videmur.
602 477 880 531 Descriptum
916 475 1063 530 fuisse
1113 490 1164 515 eoe
1213 476 1455 517 Harleiano
1506 476 1786 529 quaternione

316 535 510 576 nondum
541 534 696 573 amisso
734 530 797 571 vel
839 529 924 571 alio
967 530 1153 571 eiusdem
1191 530 1357 582 classis,
1397 531 1565 571 eaedem
1602 531 1788 571 lacunae

317 596 354 631 et
394 589 591 630 lectiones
633 587 846 627 indicant.
915 584 1073 626 Scriba
1115 591 1257 627 tamen
1303 585 1526 626 nonnullis
1569 585 1675 626 locis
1713 591 1789 624 aut

315 646 405 685 iam
435 643 685 697 depravatis
724 647 800 681 aut
828 655 1062 694 perperam
1102 640 1153 680 ab
1185 655 1229 681 eo
1262 641 1479 682 intellectis
1514 640 1596 681 levi
1625 641 1787 681 coniec-

317 706 419 740 tura
451 698 607 739 mederi
636 696 814 750 stiloque
853 697 982 736 etiam
1020 710 1269 736 succurrere
1304 702 1482 737 conatus
1513 701 1583 736 est.
1639 693 1790 736 Fluoeit

317 755 417 796 inde
449 759 525 793 aut
554 768 605 792 ea:
636 752 894 806 apographo
925 751 1016 791 eius

429 809 521 860 ὅθ’)
560 808 688 848 editio
723 809 928 860 princeps
968 804 1188 846 Guilielmi
1216 805 1352 845 Parvi
1383 820 1422 845 a.
1455 806 1562 845 1514
1594 804 1788 859 infolio,

317 865 434 919 tpis
476 863 777 912 Ascensianis,
816 862 1009 902 omnibus
1046 861 1219 901 lacunis
1258 866 1295 900 et
1337 860 1592 913 depravatis
1632 859 1790 901 codicis

321 881 635 961 gemblacensis
673 916 924 957 lectionibus
963 916 1219 970 conspicua,
1259 915 1414 970 quibus
1451 915 1587 956 editor
1626 915 1787 956 coniec-

317 982 419 1015 tura
449 989 531 1014 sua
571 972 797 1013 subvenire
826 985 1153 1024 nonnumquam
1183 971 1302 1011 haud
1335 969 1574 1024 infeliciter,
1615 970 1791 1024 saepius

317 1045 429 1081 vero,
462 1035 508 1068 ut
531 1042 620 1082 pro
652 1027 873 1082 sinyulari
903 1026 1190 1080 Liudprandi
1225 1026 1441 1066 scribendi
1472 1026 1639 1066 ratione
1671 1024 1791 1065 haud

320 1085 444 1126 aliter
473 1084 691 1136 empectari
713 1088 896 1136 poterat,
929 1082 1114 1122 adversa
1132 1082 1326 1135 fortuna
1356 1081 1586 1134 temptavit.

430 1140 474 1189 6)
501 1139 542 1181 C.
574 1137 670 1179 bibl.
692 1144 781 1178 nat.
812 1137 1077 1178 Parisiensis
1098 1136 1205 1176 Nro.
1227 1135 1335 1177 5922
1364 1136 1531 1176 membr.
1563 1150 1671 1176 saec.
1693 1134 1791 1174 XII.

319 1197 367 1237 in
412 1194 651 1235 Germania
696 1198 917 1243 eocaratus⁷
960 1191 1129 1233 saeculo
1174 1191 1265 1232 XV.
1311 1190 1429 1231 ‘liber
1472 1196 1616 1231 sancte
1659 1189 1792 1230 Marie

317 1249 492 1304 Virginis
522 1248 565 1288 in
596 1247 826 1301 Otterburg
855 1247 1102 1302 Maguntine
1131 1245 1321 1287 diocesis'
1346 1245 1550 1300 Gregorii
1573 1246 1790 1286 Turonen-

319 1306 380 1346 sis
411 1304 617 1345 historiae
649 1302 742 1344 eccl.
774 1303 904 1344 libros
934 1310 1017 1342 tres
1040 1303 1216 1357 priores
1248 1317 1342 1343 cum
1374 1302 1498 1342 initio
1522 1301 1680 1356 quarti,
1706 1306 1794 1340 tum

319 1359 561 1415 Reqinonis
591 1359 823 1399 chronicon
866 1358 1022 1412 absque
1053 1357 1449 1398 continuationibus
1479 1356 1681 1410 praebet,
1722 1356 1794 1396 cui

318 1415 646 1469 Antapodoseos
676 1413 746 1454 lib.
779 1414 807 1453 I
831 1429 863 1453 c.
895 1413 1046 1453 5—11.
1113 1413 1178 1464 VI,
1209 1413 1247 1452 5.
1279 1428 1411 1466 usque
1441 1411 1613 1452 arbores
1643 1411 1794 1452 subve-

318 1470 484 1521 huntur,
527 1469 592 1509 VJ.
624 1468 661 1508 8.
693 1469 730 1508 9.
763 1475 799 1508 et
830 1469 1051 1508 Historiae
1089 1467 1255 1509 Ottonis
1285 1483 1382 1521 cap.
1416 1468 1478 1508 15.
1511 1467 1610 1507 inde
1641 1467 1692 1507 ab
1714 1465 1794 1506 His

318 1525 442 1565 dietis
486 1538 615 1578 usque
655 1539 752 1577 cap.
783 1523 848 1563 20.
887 1523 940 1564 ob
978 1522 1250 1563 elemosinam
1288 1522 1463 1562 adneoea
1500 1528 1610 1562 sunt.
1674 1520 1795 1568 Quae

318 1581 489 1635 quidem
520 1593 652 1633 aeque
682 1594 732 1618 ac

431 1635 474 1686 7)
509 1633 551 1676 C'.
582 1632 884 1673 Bruoeellensis
903 1632 1180 1674 9884—9889
1210 1632 1345 1672 chart.
1374 1633 1422 1672 in
1440 1631 1526 1685 fol.
1548 1647 1657 1673 saec.
1678 1631 1793 1672 XVI.

321 1691 419 1732 olim
450 1688 634 1730 Antonii
667 1688 804 1730 Cauci
836 1688 1156 1741 archiepiscopi
1190 1687 1483 1741 Coriphensis,
1514 1693 1551 1726 et

431 1744 474 1799 8)
510 1744 552 1785 C.
591 1743 906 1784 Ambrosianus
945 1744 992 1783 P.
1033 1743 1109 1784 107
1151 1744 1286 1783 chart.
1327 1757 1436 1785 saec.
1467 1742 1583 1783 ΧΠ.
1615 1743 1690 1797 qui
1718 1742 1793 1782 iis-

319 1802 412 1842 dem
442 1800 578 1840 verbis
610 1814 661 1840 ac
691 1799 898 1840 editiones
928 1799 1100 1850 desinit,
1132 1799 1193 1838 ita
1223 1804 1478 1852 comparata
1507 1803 1643 1849 erant,
1676 1804 1719 1838 ut
1739 1798 1795 1838 iis

317 1858 366 1897 in
395 1870 509 1896 nova
539 1855 723 1895 editione
755 1856 927 1895 omnino
959 1869 1035 1895 nos
1067 1868 1214 1894 carere
1236 1868 1365 1907 posse
1396 1851 1692 1907 iwitelleqe·2'e712.

430 1910 718 1964 Liudprandi
756 1910 962 1951 historiae
998 1909 1221 1950 undecimo
1261 1914 1298 1949 et
1337 1909 1586 1949 duodecimo
1625 1908 1793 1949 saeculo

322 1966 373 2007 ab
406 1966 622 2006 historicis
651 1965 698 2005 in
731 1980 836 2006 usus
868 1979 968 2006 suos
999 1979 1227 2005 conversae
1257 1970 1368 2015 sunt,
1400 1963 1450 2004 ab
1483 1969 1654 2004 auctore
1684 1963 1795 2004 vitae

321 2022 462 2063 sancti
495 2020 683 2062 Gerardi
713 2021 984 2071 Broniensis,
1015 2020 1273 2061 Eklcelzardo
1304 2019 1584 2072 Urauyiensi,
1614 2018 1793 2060 chrono-

319 2077 489 2133 9rapho
527 2075 746 2131 Fawfensi,
788 2075 839 2116 Si
872 2076 1006 2116 eberto
1047 2074 1351 2126 Gemblacensi,
1393 2075 1558 2129 fllayno
1593 2073 1792 2115 Reicher-

319 2132 597 2188 sperqensffl5
639 2131 811 2173 saeculo
882 2131 964 2171 III.
1006 2131 1057 2171 ab
1096 2130 1269 2172 Albrico
1313 2130 1460 2170 Trium
1478 2128 1676 2184 fontium
1705 2144 1791 2169 mo-

321 2188 474 2239 nacho,
506 2187 674 2228 saeculo
705 2187 820 2228 XIV.
853 2187 904 2228 ab
928 2186 1117 2227 Henrico
1150 2187 1200 2227 de
1222 2185 1481 2237 Hervordia,
1513 2184 1682 2225 saeculo
1703 2184 1795 2224 XV.

321 2259 348 2284 a
390 2243 618 2284 Trithemio
658 2242 807 2283 abbate
842 2242 1191 2296 Spanheimensi.
1259 2241 1299 2281 A
1336 2240 1618 2295 scriptoribus
1653 2254 1797 2280 rerum

319 2299 484 2340 saeculi
528 2299 681 2339 decimi
721 2313 819 2339 vero
860 2298 1158 2349 Hrothsvitha‚
1200 2296 1441 2351 Reqinonis
1484 2297 1793 2343 continuatore,

329 2354 593 2396 Widukindo
639 2369 773 2408 opera
817 2354 908 2394 eius
952 2354 1145 2394 nondum
1191 2351 1388 2392 adhibita
1426 2365 1511 2391 esse
1549 2349 1796 2390 Da'ndlilcer

320 2417 427 2452 recte
459 2411 763 2452 demonstravit
777 2415 805 2450 3.
856 2409 1100 2450 Editionem
1123 2407 1371 2462 principem
1406 2413 1448 2446 ut
1477 2421 1616 2459 supra
1645 2420 1794 2446 memo-

323 2466 517 2507 ravimus
561 2480 676 2506 anno
710 2464 817 2505 1524
858 2463 1090 2519 vulqatam,
1133 2463 1382 2517 Heroayius
1415 2462 1460 2501 in
1490 2461 1676 2502 editione
1706 2460 1796 2500 Ba-

325 2584 361 2626 1)
389 2586 437 2617 M.
467 2586 508 2618 G.
539 2585 603 2618 SS.
631 2586 769 2625 XXIII,
807 2586 873 2617 659
902 2596 935 2617 n.
964 2585 1020 2623 61,
1057 2584 1120 2616 sed
1154 2583 1316 2625 ampliori
1342 2581 1559 2625 Liudprandi
1592 2581 1797 2613 recensione

323 2635 464 2666 minime
492 2645 574 2666 usus
610 2638 662 2666 est
687 2634 868 2673 Albricus,
897 2644 976 2665 cum
1002 2632 1111 2664 verba
1137 2642 1157 2663 a
1184 2631 1362 2664 Scheffero
1389 2630 1554 2663 laudata:
1598 2630 1798 2671 ‘imperator

323 2686 465 2715 sanctus
492 2693 572 2715 suos
601 2683 716 2714 adhue
743 2682 897 2724 reliquos
930 2680 1181 2713 interficientes
1208 2680 1410 2712 retrahebat
1443 2683 1477 2711 et
1507 2677 1711 2710 revocabat’
1745 2686 1798 2708 re-

323 2731 433 2773 petita
460 2732 529 2763 sint
556 2742 598 2762 ex
626 2732 740 2773 capite
772 2732 826 2763 17.
854 2731 1020 2762 historiae
1048 2729 1204 2762 Ottonis:
1232 2729 1272 2761 ‘si
1298 2739 1367 2760 non
1393 2728 1582 2770 imperator
1607 2728 1770 2758 sanctus.
1788 2747 1797 2755 .

324 2790 404 2810 suos
432 2779 548 2810 adhuc
574 2779 772 2812 interficere
799 2780 965 2811 sicientes
993 2778 1196 2817 retraheret,
1222 2775 1426 2809 revocaret'.
1527 2774 1564 2815 2)
1590 2773 1638 2807 M.
1662 2774 1702 2807 G.
1732 2773 1796 2805 SS.

324 2827 440 2866 XVII,
469 2828 551 2859 442.
579 2828 659 2861 443.
689 2828 769 2859 484.
799 2828 879 2860 485.
972 2826 1010 2869 3)
1039 2826 1231 2868 Biidinger,
1259 2824 1580 2866 Untersuchungen
1606 2833 1666 2856 zur
1692 2821 1794 2854 mittl.

326 2875 452 2908 Gesch.
479 2876 508 2915 I,
537 2876 738 2908 290-307,
