<?xml version="1.0" encoding="UTF-8"?>
<!DOCTYPE html PUBLIC "-//W3C//DTD XHTML 1.0 Transitional//EN"
    "http://www.w3.org/TR/xhtml1/DTD/xhtml1-transitional.dtd">
<html xmlns="http://www.w3.org/1999/xhtml" xml:lang="en" lang="en">
 <head>
  <title>
</title>
<meta http-equiv="Content-Type" content="text/html;charset=utf-8" />
  <meta name='ocr-system' content='tesseract 3.04.00' />
  <meta name='ocr-capabilities' content='ocr_page ocr_carea ocr_par ocr_line ocrx_word'/>
</head>
<body>
  <div class='ocr_page' id='page_1' title='image "./operaomnia00liuduoft_0153.png"; bbox 0 0 1902 3200; ppageno 0'>
   <div class='ocr_carea' id='block_1_1' title="bbox 229 211 1509 248">
    <p class='ocr_par' dir='ltr' id='par_1_1' title="bbox 229 211 1509 248">
     <span class='ocr_line' id='line_1_1' title="bbox 229 211 1509 248; baseline -0.005 0"><span class='ocrx_word' id='word_1_1' title='bbox 229 214 529 248; x_wconf 64' lang='lat' dir='ltr'>LIL&#39;DPRANDI</span> <span class='ocrx_word' id='word_1_2' title='bbox 555 211 897 244; x_wconf 73' lang='lat' dir='ltr'>ANTAPODOSIS.</span> <span class='ocrx_word' id='word_1_3' title='bbox 948 211 1040 242; x_wconf 92' lang='lat' dir='ltr'>LIB.</span> <span class='ocrx_word' id='word_1_4' title='bbox 1068 211 1109 242; x_wconf 69' lang='lat' dir='ltr'>V.</span> <span class='ocrx_word' id='word_1_5' title='bbox 1162 211 1316 242; x_wconf 70' lang='lat'>31—32.</span> <span class='ocrx_word' id='word_1_6' title='bbox 1444 212 1509 242; x_wconf 71' lang='lat'>11?</span> 
     </span>
    </p>
   </div>
   <div class='ocr_carea' id='block_1_2' title="bbox 27 319 1722 2493">
    <p class='ocr_par' dir='ltr' id='par_1_2' title="bbox 33 319 1662 711">
     <span class='ocr_line' id='line_1_2' title="bbox 36 319 1590 383; baseline -0.005 -14"><span class='ocrx_word' id='word_1_7' title='bbox 36 328 236 383; x_wconf 88' lang='lat' dir='ltr'>quoniam</span> <span class='ocrx_word' id='word_1_8' title='bbox 266 323 447 380; x_wconf 87' lang='lat' dir='ltr'>quidem,</span> <span class='ocrx_word' id='word_1_9' title='bbox 477 328 655 362; x_wconf 88' lang='lat' dir='ltr'>vocante</span> <span class='ocrx_word' id='word_1_10' title='bbox 686 321 868 371; x_wconf 82' lang='lat' dir='ltr'>domino,</span> <span class='ocrx_word' id='word_1_11' title='bbox 899 320 1019 361; x_wconf 83' lang='lat' dir='ltr'>brevi</span> <span class='ocrx_word' id='word_1_12' title='bbox 1048 334 1124 359; x_wconf 82' lang='lat' dir='ltr'>rex</span> <span class='ocrx_word' id='word_1_13' title='bbox 1155 319 1283 373; x_wconf 76' lang='lat' dir='ltr'>Hugo</span> <span class='ocrx_word' id='word_1_14' title='bbox 1312 320 1424 361; x_wconf 74' lang='lat' dir='ltr'>viam</span> <span class='ocrx_word' id='word_1_15' title='bbox 1449 328 1511 362; x_wconf 87' lang='lat' dir='ltr'>est</span> <span class='ocrx_word' id='word_1_16' title='bbox 1525 336 1590 362; x_wconf 77' lang='lat'>947.</span> 
     </span>
     <span class='ocr_line' id='line_1_3' title="bbox 36 374 1662 432; baseline -0.005 -8"><span class='ocrx_word' id='word_1_17' title='bbox 36 383 172 424; x_wconf 86' lang='lat' dir='ltr'>carnis</span> <span class='ocrx_word' id='word_1_18' title='bbox 202 381 419 422; x_wconf 80' lang='lat' dir='ltr'>universae</span> <span class='ocrx_word' id='word_1_19' title='bbox 440 378 655 432; x_wconf 82' lang='lat' dir='ltr'>ingressus</span> <span class='ocrx_word' id='word_1_20' title='bbox 669 383 697 425; x_wconf 72' lang='lat' dir='ltr'>a,</span> <span class='ocrx_word' id='word_1_21' title='bbox 729 376 880 417; x_wconf 85' lang='lat' dir='ltr'>Bertae</span> <span class='ocrx_word' id='word_1_22' title='bbox 900 376 1016 429; x_wconf 89' lang='lat' dir='ltr'>nepti</span> <span class='ocrx_word' id='word_1_23' title='bbox 1038 389 1137 415; x_wconf 86' lang='lat' dir='ltr'>suae</span> <span class='ocrx_word' id='word_1_24' title='bbox 1154 383 1179 425; x_wconf 88' lang='lat'>¹,</span> <span class='ocrx_word' id='word_1_25' title='bbox 1210 374 1387 415; x_wconf 83' lang='lat' dir='ltr'>Bosonis</span> <span class='ocrx_word' id='word_1_26' title='bbox 1409 376 1510 417; x_wconf 81' lang='lat' dir='ltr'>Are-</span> <span class='ocrx_word' id='word_1_27' title='bbox 1528 376 1571 402; x_wconf 81' lang='lat'>¹0·</span> <span class='ocrx_word' id='word_1_28' title='bbox 1590 377 1662 410; x_wconf 66' lang='grc' dir='ltr'>ΑΡΓ-</span> 
     </span>
     <span class='ocr_line' id='line_1_4' title="bbox 34 429 1511 487; baseline -0.005 -8"><span class='ocrx_word' id='word_1_29' title='bbox 34 438 202 480; x_wconf 90' lang='lat' dir='ltr'>latensis</span> <span class='ocrx_word' id='word_1_30' title='bbox 233 434 394 476; x_wconf 85' lang='lat' dir='ltr'>comitis</span> <span class='ocrx_word' id='word_1_31' title='bbox 422 433 587 485; x_wconf 83' lang='lat' dir='ltr'>viduae,</span> <span class='ocrx_word' id='word_1_32' title='bbox 618 433 797 487; x_wconf 83' lang='lat' dir='ltr'>pecunia</span> <span class='ocrx_word' id='word_1_33' title='bbox 826 430 1037 471; x_wconf 84' lang='lat' dir='ltr'>derelicta.</span> <span class='ocrx_word' id='word_1_34' title='bbox 1088 429 1225 480; x_wconf 72' lang='lat' dir='ltr'>Quam</span> <span class='ocrx_word' id='word_1_35' title='bbox 1248 430 1371 470; x_wconf 89' lang='lat' dir='ltr'>etiam</span> <span class='ocrx_word' id='word_1_36' title='bbox 1398 431 1511 472; x_wconf 86' lang='lat' dir='ltr'>brevi</span> 
     </span>
     <span class='ocr_line' id='line_1_5' title="bbox 36 485 1509 549; baseline -0.006 -14"><span class='ocrx_word' id='word_1_37' title='bbox 36 494 170 549; x_wconf 83' lang='lat' dir='ltr'>spatio</span> <span class='ocrx_word' id='word_1_38' title='bbox 212 489 517 542; x_wconf 74' lang='lat' dir='ltr'>intercedente,</span> <span class='ocrx_word' id='word_1_39' title='bbox 562 493 817 529; x_wconf 85' lang='lat' dir='ltr'>memoratus</span> <span class='ocrx_word' id='word_1_40' title='bbox 860 485 1138 538; x_wconf 82' lang='lat' dir='ltr'>Raimundus,</span> <span class='ocrx_word' id='word_1_41' title='bbox 1180 485 1509 539; x_wconf 87' lang='lat' dir='ltr'>inpurissimaeb</span> 
     </span>
     <span class='ocr_line' id='line_1_6' title="bbox 34 541 1510 604; baseline -0.005 -15"><span class='ocrx_word' id='word_1_42' title='bbox 34 549 168 604; x_wconf 79' lang='lat' dir='ltr'>gentis</span> <span class='ocrx_word' id='word_1_43' title='bbox 197 542 393 600; x_wconf 82' lang='lat' dir='ltr'>princeps</span> <span class='ocrx_word' id='word_1_44' title='bbox 423 545 624 600; x_wconf 81' lang='lat' dir='ltr'>inpurior,</span> <span class='ocrx_word' id='word_1_45' title='bbox 664 543 744 583; x_wconf 84' lang='lat' dir='ltr'>sibi</span> <span class='ocrx_word' id='word_1_46' title='bbox 781 543 973 583; x_wconf 86' lang='lat' dir='ltr'>maritam</span> <span class='ocrx_word' id='word_1_47' title='bbox 1013 541 1232 593; x_wconf 86' lang='lat' dir='ltr'>effecerat;</span> <span class='ocrx_word' id='word_1_48' title='bbox 1271 541 1388 581; x_wconf 87' lang='lat' dir='ltr'>euius</span> <span class='ocrx_word' id='word_1_49' title='bbox 1427 556 1510 581; x_wconf 88' lang='lat' dir='ltr'>non</span> 
     </span>
     <span class='ocr_line' id='line_1_7' title="bbox 35 595 1510 650; baseline -0.005 -6"><span class='ocrx_word' id='word_1_50' title='bbox 35 603 170 645; x_wconf 88' lang='lat' dir='ltr'>solum</span> <span class='ocrx_word' id='word_1_51' title='bbox 213 601 437 641; x_wconf 87' lang='lat' dir='ltr'>concubitu</span> <span class='ocrx_word' id='word_1_52' title='bbox 480 615 625 641; x_wconf 80' lang='lat' dir='ltr'>verum</span> <span class='ocrx_word' id='word_1_53' title='bbox 671 601 795 640; x_wconf 85' lang='lat' dir='ltr'>ctiam</span> <span class='ocrx_word' id='word_1_54' title='bbox 837 596 978 638; x_wconf 84' lang='lat' dir='ltr'>osculo</span> <span class='ocrx_word' id='word_1_55' title='bbox 1018 597 1253 650; x_wconf 85' lang='lat' dir='ltr'>indignum,</span> <span class='ocrx_word' id='word_1_56' title='bbox 1298 595 1510 650; x_wconf 79' lang='lat' dir='ltr'>elegantes</span> 
     </span>
     <span class='ocr_line' id='line_1_8' title="bbox 33 652 1309 711; baseline -0.006 -12"><span class='ocrx_word' id='word_1_57' title='bbox 33 659 261 700; x_wconf 87' lang='lat' dir='ltr'>formarum</span> <span class='ocrx_word' id='word_1_58' title='bbox 291 657 551 711; x_wconf 81' lang='lat' dir='ltr'>inspectores</span> <span class='ocrx_word' id='word_1_59' title='bbox 581 656 706 695; x_wconf 85' lang='lat' dir='ltr'>ctiam</span> <span class='ocrx_word' id='word_1_60' title='bbox 736 660 861 708; x_wconf 86' lang='lat' dir='ltr'>atquc</span> <span class='ocrx_word' id='word_1_61' title='bbox 893 653 1019 694; x_wconf 89' lang='lat' dir='ltr'>etiam</span> <span class='ocrx_word' id='word_1_62' title='bbox 1050 652 1309 692; x_wconf 89' lang='lat' dir='ltr'>confirmant.</span> 
     </span>
    </p>

    <p class='ocr_par' dir='ltr' id='par_1_3' title="bbox 27 706 1722 2379">
     <span class='ocr_line' id='line_1_9' title="bbox 144 706 1597 764; baseline -0.007 -11"><span class='ocrx_word' id='word_1_63' title='bbox 144 713 208 754; x_wconf 78' lang='lat'>32.</span> <span class='ocrx_word' id='word_1_64' title='bbox 267 712 406 753; x_wconf 91' lang='lat' dir='ltr'>Huius</span> <span class='ocrx_word' id='word_1_65' title='bbox 444 711 522 752; x_wconf 85' lang='lat' dir='ltr'>hoc</span> <span class='ocrx_word' id='word_1_66' title='bbox 564 711 607 751; x_wconf 90' lang='lat' dir='ltr'>in</span> <span class='ocrx_word' id='word_1_67' title='bbox 651 717 839 764; x_wconf 88' lang='lat' dir='ltr'>tempore</span> <span class='ocrx_word' id='word_1_68' title='bbox 883 722 1019 761; x_wconf 89' lang='lat' dir='ltr'>soror,</span> <span class='ocrx_word' id='word_1_69' title='bbox 1063 707 1311 762; x_wconf 84' lang='lat' dir='ltr'>Berengarii</span> <span class='ocrx_word' id='word_1_70' title='bbox 1354 706 1597 752; x_wconf 82' lang='lat' dir='ltr'>scilicet(15.)</span> 
     </span>
     <span class='ocr_line' id='line_1_10' title="bbox 31 762 1510 822; baseline -0.004 -12"><span class='ocrx_word' id='word_1_71' title='bbox 31 783 139 810; x_wconf 79' lang='lat' dir='ltr'>uxor</span> <span class='ocrx_word' id='word_1_72' title='bbox 168 766 317 814; x_wconf 80' lang='lat' dir='ltr'>Willa,</span> <span class='ocrx_word' id='word_1_73' title='bbox 356 782 482 822; x_wconf 86' lang='lat' dir='ltr'>passa</span> <span class='ocrx_word' id='word_1_74' title='bbox 521 774 582 808; x_wconf 87' lang='lat' dir='ltr'>est</span> <span class='ocrx_word' id='word_1_75' title='bbox 621 766 778 806; x_wconf 83' lang='lat' dir='ltr'>crimen</span> <span class='ocrx_word' id='word_1_76' title='bbox 817 766 976 805; x_wconf 80' lang='lat' dir='ltr'>incesti.</span> <span class='ocrx_word' id='word_1_77' title='bbox 1036 763 1161 815; x_wconf 79' lang='lat' dir='ltr'>Quod</span> <span class='ocrx_word' id='word_1_78' title='bbox 1200 764 1259 804; x_wconf 87' lang='lat' dir='ltr'>ita</span> <span class='ocrx_word' id='word_1_79' title='bbox 1294 762 1510 815; x_wconf 84' lang='lat' dir='ltr'>accidisse,</span> 
     </span>
     <span class='ocr_line' id='line_1_11' title="bbox 31 818 1511 874; baseline -0.005 -9"><span class='ocrx_word' id='word_1_80' title='bbox 31 839 115 865; x_wconf 90' lang='lat' dir='ltr'>non</span> <span class='ocrx_word' id='word_1_81' title='bbox 145 823 279 865; x_wconf 88' lang='lat' dir='ltr'>solum</span> <span class='ocrx_word' id='word_1_82' title='bbox 309 822 433 864; x_wconf 86' lang='lat' dir='ltr'>aulici</span> <span class='ocrx_word' id='word_1_83' title='bbox 463 821 532 863; x_wconf 87' lang='lat' dir='ltr'>vel</span> <span class='ocrx_word' id='word_1_84' title='bbox 562 820 820 873; x_wconf 85' lang='lat' dir='ltr'>cubicularii,</span> <span class='ocrx_word' id='word_1_85' title='bbox 861 835 1007 860; x_wconf 81' lang='lat' dir='ltr'>verum</span> <span class='ocrx_word' id='word_1_86' title='bbox 1048 833 1231 873; x_wconf 83' lang='lat' dir='ltr'>aucupes</span> <span class='ocrx_word' id='word_1_87' title='bbox 1263 825 1304 859; x_wconf 90' lang='lat' dir='ltr'>et</span> <span class='ocrx_word' id='word_1_88' title='bbox 1333 818 1511 874; x_wconf 88' lang='lat' dir='ltr'>cupede-</span> 
     </span>
     <span class='ocr_line' id='line_1_12' title="bbox 31 874 1511 932; baseline -0.004 -12"><span class='ocrx_word' id='word_1_89' title='bbox 31 880 165 920; x_wconf 82' lang='lat' dir='ltr'>narii²</span> <span class='ocrx_word' id='word_1_90' title='bbox 198 879 390 920; x_wconf 85' lang='lat' dir='ltr'>clamant.</span> <span class='ocrx_word' id='word_1_91' title='bbox 441 878 601 919; x_wconf 77' lang='lat' dir='ltr'>Habuit</span> <span class='ocrx_word' id='word_1_92' title='bbox 622 892 669 918; x_wconf 84' lang='lat' dir='ltr'>ea</span> <span class='ocrx_word' id='word_1_93' title='bbox 690 875 1012 932; x_wconf 85' lang='lat' dir='ltr'>presbiterulum</span> <span class='ocrx_word' id='word_1_94' title='bbox 1035 874 1311 930; x_wconf 78' lang='lat' dir='ltr'>capellanum,</span> <span class='ocrx_word' id='word_1_95' title='bbox 1342 874 1511 915; x_wconf 87' lang='lat' dir='ltr'>nomine</span> 
     </span>
     <span class='ocr_line' id='line_1_13' title="bbox 30 930 1567 986; baseline -0.005 -9"><span class='ocrx_word' id='word_1_96' title='bbox 30 936 327 986; x_wconf 85' lang='lat' dir='ltr'>Dominicum,</span> <span class='ocrx_word' id='word_1_97' title='bbox 374 940 532 975; x_wconf 82' lang='lat' dir='ltr'>statura</span> <span class='ocrx_word' id='word_1_98' title='bbox 574 932 761 984; x_wconf 78' lang='lat' dir='ltr'>brevem,</span> <span class='ocrx_word' id='word_1_99' title='bbox 807 930 944 972; x_wconf 84' lang='lat' dir='ltr'>colore</span> <span class='ocrx_word' id='word_1_100' title='bbox 989 930 1249 985; x_wconf 80' lang='lat' dir='ltr'>fuligineum,</span> <span class='ocrx_word' id='word_1_101' title='bbox 1293 931 1510 983; x_wconf 88' lang='lat' dir='ltr'>rusticum,</span> <span class='ocrx_word' id='word_1_102' title='bbox 1559 946 1567 950; x_wconf 92' lang='lat'>··</span> 
     </span>
     <span class='ocr_line' id='line_1_14' title="bbox 30 985 1511 1044; baseline -0.005 -11"><span class='ocrx_word' id='word_1_103' title='bbox 30 992 271 1043; x_wconf 68' lang='lat' dir='ltr'>setin-erum,</span> <span class='ocrx_word' id='word_1_104' title='bbox 300 989 537 1040; x_wconf 84' lang='lat' dir='ltr'>indocilem,</span> <span class='ocrx_word' id='word_1_105' title='bbox 567 997 788 1044; x_wconf 80' lang='lat' dir='ltr'>agrestem,</span> <span class='ocrx_word' id='word_1_106' title='bbox 829 987 1068 1039; x_wconf 87' lang='lat' dir='ltr'>barbarum,</span> <span class='ocrx_word' id='word_1_107' title='bbox 1110 986 1273 1038; x_wconf 70' lang='lat' dir='ltr'>dmum,</span> <span class='ocrx_word' id='word_1_108' title='bbox 1304 985 1511 1038; x_wconf 83' lang='lat' dir='ltr'>villosum,</span> 
     </span>
     <span class='ocr_line' id='line_1_15' title="bbox 31 1025 1511 1101; baseline -0.003 -14"><span class='ocrx_word' id='word_1_109' title='bbox 31 1025 259 1097; x_wconf 54' lang='lat' dir='ltr'>eaudstmn,</span> <span class='ocrx_word' id='word_1_110' title='bbox 289 1044 505 1101; x_wconf 88' lang='lat' dir='ltr'>petulcum</span> <span class='ocrx_word' id='word_1_111' title='bbox 519 1051 546 1097; x_wconf 79' lang='lat'>³,</span> <span class='ocrx_word' id='word_1_112' title='bbox 578 1045 786 1093; x_wconf 87' lang='lat' dir='ltr'>insanum,</span> <span class='ocrx_word' id='word_1_113' title='bbox 808 1042 1019 1093; x_wconf 86' lang='lat' dir='ltr'>rebellem,</span> <span class='ocrx_word' id='word_1_114' title='bbox 1041 1043 1253 1097; x_wconf 69' lang='lat' dir='ltr'>iniquum,</span> <span class='ocrx_word' id='word_1_115' title='bbox 1285 1042 1405 1082; x_wconf 85' lang='lat' dir='ltr'>cuius</span> <span class='ocrx_word' id='word_1_116' title='bbox 1426 1056 1511 1082; x_wconf 84' lang='lat' dir='ltr'>ma-</span> 
     </span>
     <span class='ocr_line' id='line_1_16' title="bbox 30 1096 1512 1157; baseline -0.004 -15"><span class='ocrx_word' id='word_1_117' title='bbox 30 1102 201 1157; x_wconf 82' lang='lat' dir='ltr'>gisterio</span> <span class='ocrx_word' id='word_1_118' title='bbox 241 1101 346 1141; x_wconf 88' lang='lat' dir='ltr'>duas</span> <span class='ocrx_word' id='word_1_119' title='bbox 376 1099 505 1142; x_wconf 80' lang='lat' dir='ltr'>Willa</span> <span class='ocrx_word' id='word_1_120' title='bbox 540 1099 906 1140; x_wconf 79' lang='lat' dir='ltr'>commendaverat</span> <span class='ocrx_word' id='word_1_121' title='bbox 944 1104 1106 1152; x_wconf 79' lang='lat' dir='ltr'>gnatas,</span> <span class='ocrx_word' id='word_1_122' title='bbox 1148 1096 1309 1138; x_wconf 81' lang='lat' dir='ltr'>Gislam</span> <span class='ocrx_word' id='word_1_123' title='bbox 1355 1096 1512 1137; x_wconf 85' lang='lat' dir='ltr'>scilicet</span> 
     </span>
     <span class='ocr_line' id='line_1_17' title="bbox 28 1152 1511 1213; baseline -0.004 -15"><span class='ocrx_word' id='word_1_124' title='bbox 28 1163 154 1213; x_wconf 83' lang='lat' dir='ltr'>atque</span> <span class='ocrx_word' id='word_1_125' title='bbox 176 1155 466 1211; x_wconf 78' lang='lat' dir='ltr'>Gi1·bergam⁴,</span> <span class='ocrx_word' id='word_1_126' title='bbox 498 1162 543 1196; x_wconf 92' lang='lat' dir='ltr'>ut</span> <span class='ocrx_word' id='word_1_127' title='bbox 573 1169 643 1196; x_wconf 87' lang='lat' dir='ltr'>eas</span> <span class='ocrx_word' id='word_1_128' title='bbox 672 1154 906 1195; x_wconf 84' lang='lat' dir='ltr'>litterarum</span> <span class='ocrx_word' id='word_1_129' title='bbox 938 1153 1113 1193; x_wconf 85' lang='lat' dir='ltr'>scientia</span> <span class='ocrx_word' id='word_1_130' title='bbox 1134 1159 1335 1208; x_wconf 86' lang='lat' dir='ltr'>epotaret.</span> <span class='ocrx_word' id='word_1_131' title='bbox 1378 1152 1511 1193; x_wconf 89' lang='lat' dir='ltr'>Occa-</span> 
     </span>
     <span class='ocr_line' id='line_1_18' title="bbox 29 1207 1509 1267; baseline -0.003 -14"><span class='ocrx_word' id='word_1_132' title='bbox 29 1213 145 1254; x_wconf 88' lang='lat' dir='ltr'>sione</span> <span class='ocrx_word' id='word_1_133' title='bbox 175 1213 317 1267; x_wconf 86' lang='lat' dir='ltr'>itaque</span> <span class='ocrx_word' id='word_1_134' title='bbox 346 1210 593 1266; x_wconf 80' lang='lat' dir='ltr'>puellarum,</span> <span class='ocrx_word' id='word_1_135' title='bbox 635 1224 738 1265; x_wconf 87' lang='lat' dir='ltr'>quas</span> <span class='ocrx_word' id='word_1_136' title='bbox 770 1209 976 1265; x_wconf 82' lang='lat' dir='ltr'>presbiter</span> <span class='ocrx_word' id='word_1_137' title='bbox 1005 1208 1272 1256; x_wconf 86' lang='lat' dir='ltr'>Dominicus,</span> <span class='ocrx_word' id='word_1_138' title='bbox 1311 1207 1509 1261; x_wconf 89' lang='lat' dir='ltr'>hirsutus,</span> 
     </span>
     <span class='ocr_line' id='line_1_19' title="bbox 28 1262 1511 1321; baseline -0.003 -13"><span class='ocrx_word' id='word_1_139' title='bbox 28 1267 194 1321; x_wconf 90' lang='lat' dir='ltr'>inlotus,</span> <span class='ocrx_word' id='word_1_140' title='bbox 225 1267 358 1308; x_wconf 89' lang='lat' dir='ltr'>facete</span> <span class='ocrx_word' id='word_1_141' title='bbox 388 1266 577 1319; x_wconf 87' lang='lat' dir='ltr'>docebat,</span> <span class='ocrx_word' id='word_1_142' title='bbox 609 1271 743 1306; x_wconf 90' lang='lat' dir='ltr'>mater</span> <span class='ocrx_word' id='word_1_143' title='bbox 772 1266 809 1306; x_wconf 90' lang='lat' dir='ltr'>ei</span> <span class='ocrx_word' id='word_1_144' title='bbox 839 1265 1143 1320; x_wconf 80' lang='lat' dir='ltr'>propitiaverat</span> <span class='ocrx_word' id='word_1_145' title='bbox 1156 1272 1183 1317; x_wconf 79' lang='lat'>⁰,</span> <span class='ocrx_word' id='word_1_146' title='bbox 1221 1262 1411 1304; x_wconf 86' lang='lat' dir='ltr'>tribuens</span> <span class='ocrx_word' id='word_1_147' title='bbox 1443 1263 1511 1304; x_wconf 88' lang='lat' dir='ltr'>de-</span> 
     </span>
     <span class='ocr_line' id='line_1_20' title="bbox 27 1320 1511 1378; baseline -0.004 -13"><span class='ocrx_word' id='word_1_148' title='bbox 27 1323 201 1365; x_wconf 87' lang='lat' dir='ltr'>licatum</span> <span class='ocrx_word' id='word_1_149' title='bbox 232 1322 375 1364; x_wconf 87' lang='lat' dir='ltr'>cibum</span> <span class='ocrx_word' id='word_1_150' title='bbox 404 1328 627 1378; x_wconf 80' lang='lat' dir='ltr'>vestesque</span> <span class='ocrx_word' id='word_1_151' title='bbox 655 1323 880 1376; x_wconf 86' lang='lat' dir='ltr'>preciosas.</span> <span class='ocrx_word' id='word_1_152' title='bbox 929 1320 1074 1361; x_wconf 86' lang='lat' dir='ltr'>Mirari</span> <span class='ocrx_word' id='word_1_153' title='bbox 1105 1335 1262 1374; x_wconf 87' lang='lat' dir='ltr'>omnes,</span> <span class='ocrx_word' id='word_1_154' title='bbox 1294 1334 1368 1360; x_wconf 92' lang='lat' dir='ltr'>cur</span> <span class='ocrx_word' id='word_1_155' title='bbox 1389 1334 1511 1360; x_wconf 89' lang='lat' dir='ltr'>cunc-</span> 
     </span>
     <span class='ocr_line' id='line_1_21' title="bbox 28 1375 1510 1433; baseline -0.003 -12"><span class='ocrx_word' id='word_1_156' title='bbox 28 1380 81 1421; x_wconf 88' lang='lat' dir='ltr'>tis</span> <span class='ocrx_word' id='word_1_157' title='bbox 120 1379 269 1431; x_wconf 83' lang='lat' dir='ltr'>invisa,</span> <span class='ocrx_word' id='word_1_158' title='bbox 312 1379 490 1433; x_wconf 80' lang='lat' dir='ltr'>ingrata,</span> <span class='ocrx_word' id='word_1_159' title='bbox 535 1385 676 1430; x_wconf 83' lang='lat' dir='ltr'>tenax,</span> <span class='ocrx_word' id='word_1_160' title='bbox 721 1378 818 1417; x_wconf 88' lang='lat' dir='ltr'>huic</span> <span class='ocrx_word' id='word_1_161' title='bbox 857 1377 1056 1417; x_wconf 79' lang='lat' dir='ltr'>existeret</span> <span class='ocrx_word' id='word_1_162' title='bbox 1093 1375 1224 1431; x_wconf 82' lang='lat' dir='ltr'>larga.</span> <span class='ocrx_word' id='word_1_163' title='bbox 1294 1375 1510 1417; x_wconf 80' lang='lat' dir='ltr'>Sententia</span> 
     </span>
     <span class='ocr_line' id='line_1_22' title="bbox 27 1430 1722 1490; baseline -0.002 -14"><span class='ocrx_word' id='word_1_164' title='bbox 27 1443 170 1477; x_wconf 82' lang='lat' dir='ltr'>tamen</span> <span class='ocrx_word' id='word_1_165' title='bbox 199 1436 397 1485; x_wconf 87' lang='lat' dir='ltr'>veritatis,</span> <span class='ocrx_word' id='word_1_166' title='bbox 429 1448 536 1490; x_wconf 91' lang='lat' dir='ltr'>quae</span> <span class='ocrx_word' id='word_1_167' title='bbox 566 1434 644 1474; x_wconf 89' lang='lat' dir='ltr'>ait:</span> <span class='ocrx_word' id='word_1_168' title='bbox 676 1432 801 1473; x_wconf 62' lang='lat' dir='ltr'>‘Nihil</span> <span class='ocrx_word' id='word_1_169' title='bbox 833 1438 1024 1487; x_wconf 88' lang='lat' dir='ltr'>opertum</span> <span class='ocrx_word' id='word_1_170' title='bbox 1049 1432 1163 1487; x_wconf 86' lang='lat' dir='ltr'>quod</span> <span class='ocrx_word' id='word_1_171' title='bbox 1183 1446 1267 1472; x_wconf 92' lang='lat' dir='ltr'>non</span> <span class='ocrx_word' id='word_1_172' title='bbox 1287 1430 1507 1484; x_wconf 87' lang='lat' dir='ltr'>reveletur,</span> <span class='ocrx_word' id='word_1_173' title='bbox 1523 1446 1722 1480; x_wconf 79' lang='lat' dir='ltr'>Matth.10,26.</span> 
     </span>
     <span class='ocr_line' id='line_1_23' title="bbox 29 1487 1510 1545; baseline -0.003 -13"><span class='ocrx_word' id='word_1_174' title='bbox 29 1498 70 1532; x_wconf 90' lang='lat' dir='ltr'>et</span> <span class='ocrx_word' id='word_1_175' title='bbox 101 1489 287 1532; x_wconf 86' lang='lat' dir='ltr'>ocultum</span> <span class='ocrx_word' id='word_1_176' title='bbox 318 1490 431 1545; x_wconf 88' lang='lat' dir='ltr'>quod</span> <span class='ocrx_word' id='word_1_177' title='bbox 455 1504 540 1530; x_wconf 90' lang='lat' dir='ltr'>non</span> <span class='ocrx_word' id='word_1_178' title='bbox 560 1490 604 1529; x_wconf 90' lang='lat' dir='ltr'>in</span> <span class='ocrx_word' id='word_1_179' title='bbox 624 1487 844 1544; x_wconf 88' lang='lat' dir='ltr'>publicum</span> <span class='ocrx_word' id='word_1_180' title='bbox 865 1489 1032 1540; x_wconf 82' lang='lat' dir='ltr'>veniat&#39;,</span> <span class='ocrx_word' id='word_1_181' title='bbox 1064 1488 1136 1528; x_wconf 90' lang='lat' dir='ltr'>diu</span> <span class='ocrx_word' id='word_1_182' title='bbox 1157 1488 1299 1527; x_wconf 87' lang='lat' dir='ltr'>mirari</span> <span class='ocrx_word' id='word_1_183' title='bbox 1320 1487 1510 1529; x_wconf 88' lang='lat' dir='ltr'>homines</span> 
     </span>
     <span class='ocr_line' id='line_1_24' title="bbox 27 1543 1511 1602; baseline -0.002 -15"><span class='ocrx_word' id='word_1_184' title='bbox 27 1560 154 1602; x_wconf 83' lang='lat' dir='ltr'>passa</span> <span class='ocrx_word' id='word_1_185' title='bbox 192 1560 276 1587; x_wconf 92' lang='lat' dir='ltr'>non</span> <span class='ocrx_word' id='word_1_186' title='bbox 317 1554 391 1587; x_wconf 91' lang='lat' dir='ltr'>est.</span> <span class='ocrx_word' id='word_1_187' title='bbox 449 1545 558 1586; x_wconf 84' lang='lat' dir='ltr'>Nam</span> <span class='ocrx_word' id='word_1_188' title='bbox 599 1559 695 1585; x_wconf 78' lang='lat' dir='ltr'>cuin</span> <span class='ocrx_word' id='word_1_189' title='bbox 736 1551 858 1585; x_wconf 86' lang='lat' dir='ltr'>noete</span> <span class='ocrx_word' id='word_1_190' title='bbox 899 1543 1102 1598; x_wconf 87' lang='lat' dir='ltr'>quadam,</span> <span class='ocrx_word' id='word_1_191' title='bbox 1144 1543 1401 1597; x_wconf 66' lang='lat' dir='ltr'>Bel-engario</span> <span class='ocrx_word' id='word_1_192' title='bbox 1440 1543 1511 1585; x_wconf 84' lang='lat' dir='ltr'>ab·</span> 
     </span>
     <span class='ocr_line' id='line_1_25' title="bbox 31 1598 1513 1653; baseline -0.002 -10"><span class='ocrx_word' id='word_1_193' title='bbox 31 1608 158 1653; x_wconf 86' lang='lat' dir='ltr'>sente,</span> <span class='ocrx_word' id='word_1_194' title='bbox 189 1602 243 1643; x_wconf 85' lang='lat' dir='ltr'>ad</span> <span class='ocrx_word' id='word_1_195' title='bbox 273 1601 410 1643; x_wconf 88' lang='lat' dir='ltr'>cubile</span> <span class='ocrx_word' id='word_1_196' title='bbox 439 1602 696 1642; x_wconf 79' lang='lat' dir='ltr'>dominicum</span> <span class='ocrx_word' id='word_1_197' title='bbox 726 1614 841 1640; x_wconf 86' lang='lat' dir='ltr'>more</span> <span class='ocrx_word' id='word_1_198' title='bbox 873 1599 994 1640; x_wconf 87' lang='lat' dir='ltr'>solito</span> <span class='ocrx_word' id='word_1_199' title='bbox 1024 1598 1209 1640; x_wconf 88' lang='lat' dir='ltr'>hirsutus</span> <span class='ocrx_word' id='word_1_200' title='bbox 1230 1599 1364 1639; x_wconf 82' lang='lat' dir='ltr'>isdem</span> <span class='ocrx_word' id='word_1_201' title='bbox 1386 1598 1513 1640; x_wconf 83' lang='lat' dir='ltr'>vellet</span> 
     </span>
     <span class='ocr_line' id='line_1_26' title="bbox 30 1654 1511 1711; baseline -0.003 -13"><span class='ocrx_word' id='word_1_202' title='bbox 30 1658 242 1710; x_wconf 85' lang='lat' dir='ltr'>accedere,</span> <span class='ocrx_word' id='word_1_203' title='bbox 284 1658 400 1697; x_wconf 90' lang='lat' dir='ltr'>canis</span> <span class='ocrx_word' id='word_1_204' title='bbox 442 1656 563 1698; x_wconf 85' lang='lat' dir='ltr'>isthic</span> <span class='ocrx_word' id='word_1_205' title='bbox 603 1655 767 1708; x_wconf 89' lang='lat' dir='ltr'>aderat,</span> <span class='ocrx_word' id='word_1_206' title='bbox 809 1656 880 1711; x_wconf 83' lang='lat' dir='ltr'>qui</span> <span class='ocrx_word' id='word_1_207' title='bbox 918 1654 1071 1695; x_wconf 86' lang='lat' dir='ltr'>latratu</span> <span class='ocrx_word' id='word_1_208' title='bbox 1107 1654 1298 1695; x_wconf 86' lang='lat' dir='ltr'>horribili</span> <span class='ocrx_word' id='word_1_209' title='bbox 1335 1655 1511 1695; x_wconf 88' lang='lat' dir='ltr'>circum-</span> 
     </span>
     <span class='ocr_line' id='line_1_27' title="bbox 28 1709 1511 1767; baseline -0.002 -14"><span class='ocrx_word' id='word_1_210' title='bbox 28 1714 212 1755; x_wconf 86' lang='lat' dir='ltr'>iaeentes</span> <span class='ocrx_word' id='word_1_211' title='bbox 243 1713 421 1754; x_wconf 78' lang='lat' dir='ltr'>exitavit</span> <span class='ocrx_word' id='word_1_212' title='bbox 434 1714 464 1763; x_wconf 73' lang='lat' dir='ltr'>d,</span> <span class='ocrx_word' id='word_1_213' title='bbox 495 1712 689 1767; x_wconf 85' lang='lat' dir='ltr'>huncque</span> <span class='ocrx_word' id='word_1_214' title='bbox 720 1726 862 1752; x_wconf 86' lang='lat' dir='ltr'>morsu</span> <span class='ocrx_word' id='word_1_215' title='bbox 891 1711 1128 1752; x_wconf 84' lang='lat' dir='ltr'>vehementi</span> <span class='ocrx_word' id='word_1_216' title='bbox 1156 1709 1342 1751; x_wconf 77' lang='lat' dir='ltr'>laniavit.</span> <span class='ocrx_word' id='word_1_217' title='bbox 1403 1709 1511 1752; x_wconf 83' lang='lat' dir='ltr'>Con·</span> 
     </span>
     <span class='ocr_line' id='line_1_28' title="bbox 30 1764 1510 1824; baseline -0.003 -14"><span class='ocrx_word' id='word_1_218' title='bbox 30 1775 250 1824; x_wconf 83' lang='lat' dir='ltr'>surgentes</span> <span class='ocrx_word' id='word_1_219' title='bbox 280 1768 461 1824; x_wconf 88' lang='lat' dir='ltr'>deniqne</span> <span class='ocrx_word' id='word_1_220' title='bbox 493 1769 563 1824; x_wconf 85' lang='lat' dir='ltr'>qui</span> <span class='ocrx_word' id='word_1_221' title='bbox 593 1764 790 1808; x_wconf 66' lang='lat' dir='ltr'>in&#39;domo</span> <span class='ocrx_word' id='word_1_222' title='bbox 823 1774 951 1819; x_wconf 87' lang='lat' dir='ltr'>erant,</span> <span class='ocrx_word' id='word_1_223' title='bbox 993 1781 1089 1807; x_wconf 87' lang='lat' dir='ltr'>cum</span> <span class='ocrx_word' id='word_1_224' title='bbox 1130 1781 1224 1806; x_wconf 91' lang='lat' dir='ltr'>eum</span> <span class='ocrx_word' id='word_1_225' title='bbox 1256 1765 1510 1821; x_wconf 87' lang='lat' dir='ltr'>conprehen-</span> 
     </span>
     <span class='ocr_line' id='line_1_29' title="bbox 29 1821 1512 1878; baseline -0.003 -12"><span class='ocrx_word' id='word_1_226' title='bbox 29 1825 186 1877; x_wconf 87' lang='lat' dir='ltr'>derent,</span> <span class='ocrx_word' id='word_1_227' title='bbox 218 1831 270 1876; x_wconf 92' lang='lat' dir='ltr'>et,</span> <span class='ocrx_word' id='word_1_228' title='bbox 302 1838 383 1878; x_wconf 89' lang='lat' dir='ltr'>quo</span> <span class='ocrx_word' id='word_1_229' title='bbox 414 1825 504 1875; x_wconf 89' lang='lat' dir='ltr'>iret,</span> <span class='ocrx_word' id='word_1_230' title='bbox 534 1824 849 1878; x_wconf 75' lang='lat' dir='ltr'>interrogarent,</span> <span class='ocrx_word' id='word_1_231' title='bbox 885 1821 1195 1878; x_wconf 82' lang='lat' dir='ltr'>apologeticum</span> <span class='ocrx_word' id='word_1_232' title='bbox 1225 1821 1339 1863; x_wconf 91' lang='lat' dir='ltr'>istud</span> <span class='ocrx_word' id='word_1_233' title='bbox 1369 1822 1512 1861; x_wconf 86' lang='lat' dir='ltr'>antici-</span> 
     </span>
     <span class='ocr_line' id='line_1_30' title="bbox 27 1876 1509 1936; baseline -0.003 -15"><span class='ocrx_word' id='word_1_234' title='bbox 27 1879 169 1936; x_wconf 83' lang='lat' dir='ltr'>pando</span> <span class='ocrx_word' id='word_1_235' title='bbox 210 1880 380 1921; x_wconf 88' lang='lat' dir='ltr'>domina</span> <span class='ocrx_word' id='word_1_236' title='bbox 419 1879 555 1920; x_wconf 85' lang='lat' dir='ltr'>dedit:</span> <span class='ocrx_word' id='word_1_237' title='bbox 606 1878 687 1919; x_wconf 70' lang='lat' dir='ltr'>‘Ad</span> <span class='ocrx_word' id='word_1_238' title='bbox 726 1877 920 1919; x_wconf 89' lang='lat' dir='ltr'>mulieres</span> <span class='ocrx_word' id='word_1_239' title='bbox 957 1885 1121 1919; x_wconf 86' lang='lat' dir='ltr'>nostras</span> <span class='ocrx_word' id='word_1_240' title='bbox 1160 1876 1249 1918; x_wconf 87' lang='lat' dir='ltr'>ibat</span> <span class='ocrx_word' id='word_1_241' title='bbox 1282 1877 1509 1933; x_wconf 81' lang='lat' dir='ltr'>perditus&#39;!</span> 
     </span>
     <span class='ocr_line' id='line_1_31' title="bbox 30 1933 1510 1992; baseline -0.003 -15"><span class='ocrx_word' id='word_1_242' title='bbox 30 1935 214 1992; x_wconf 82' lang='lat' dir='ltr'>Sperans</span> <span class='ocrx_word' id='word_1_243' title='bbox 244 1936 386 1991; x_wconf 86' lang='lat' dir='ltr'>itaque</span> <span class='ocrx_word' id='word_1_244' title='bbox 416 1934 717 1991; x_wconf 86' lang='lat' dir='ltr'>presbiterulus</span> <span class='ocrx_word' id='word_1_245' title='bbox 759 1934 838 1975; x_wconf 87' lang='lat' dir='ltr'>sibi</span> <span class='ocrx_word' id='word_1_246' title='bbox 867 1933 1002 1975; x_wconf 90' lang='lat' dir='ltr'>lenius</span> <span class='ocrx_word' id='word_1_247' title='bbox 1032 1933 1134 1986; x_wconf 80' lang='lat' dir='ltr'>fore,</span> <span class='ocrx_word' id='word_1_248' title='bbox 1167 1934 1202 1973; x_wconf 92' lang='lat' dir='ltr'>si</span> <span class='ocrx_word' id='word_1_249' title='bbox 1231 1939 1392 1974; x_wconf 87' lang='lat' dir='ltr'>teneret</span> <span class='ocrx_word' id='word_1_250' title='bbox 1421 1948 1510 1974; x_wconf 90' lang='lat' dir='ltr'>sen-</span> 
     </span>
     <span class='ocr_line' id='line_1_32' title="bbox 27 1988 1510 2046; baseline -0.003 -12"><span class='ocrx_word' id='word_1_251' title='bbox 27 1992 208 2034; x_wconf 86' lang='lat' dir='ltr'>tenciam</span> <span class='ocrx_word' id='word_1_252' title='bbox 231 1991 443 2033; x_wconf 86' lang='lat' dir='ltr'>dominae:</span> <span class='ocrx_word' id='word_1_253' title='bbox 466 1991 541 2031; x_wconf 82' lang='lat' dir='ltr'>‘Ita</span> <span class='ocrx_word' id='word_1_254' title='bbox 563 1996 636 2038; x_wconf 78' lang='lat' dir='ltr'>est,</span> <span class='ocrx_word' id='word_1_255' title='bbox 658 1991 858 2046; x_wconf 71' lang='lat' dir='ltr'>inquam&#39;.</span> <span class='ocrx_word' id='word_1_256' title='bbox 896 1989 1022 2045; x_wconf 80' lang='lat' dir='ltr'>Cepit</span> <span class='ocrx_word' id='word_1_257' title='bbox 1041 1990 1182 2045; x_wconf 84' lang='lat' dir='ltr'>itaque</span> <span class='ocrx_word' id='word_1_258' title='bbox 1205 1988 1376 2030; x_wconf 88' lang='lat' dir='ltr'>domina</span> <span class='ocrx_word' id='word_1_259' title='bbox 1396 1989 1510 2030; x_wconf 86' lang='lat' dir='ltr'>vitae</span> 
     </span>
     <span class='ocr_line' id='line_1_33' title="bbox 29 2045 1510 2103; baseline -0.003 -15"><span class='ocrx_word' id='word_1_260' title='bbox 29 2048 118 2089; x_wconf 91' lang='lat' dir='ltr'>eius</span> <span class='ocrx_word' id='word_1_261' title='bbox 148 2046 351 2099; x_wconf 87' lang='lat' dir='ltr'>insidiari,</span> <span class='ocrx_word' id='word_1_262' title='bbox 381 2047 674 2103; x_wconf 88' lang='lat' dir='ltr'>premiumque</span> <span class='ocrx_word' id='word_1_263' title='bbox 705 2046 960 2102; x_wconf 83' lang='lat' dir='ltr'>promittere,</span> <span class='ocrx_word' id='word_1_264' title='bbox 991 2046 1025 2086; x_wconf 90' lang='lat' dir='ltr'>si</span> <span class='ocrx_word' id='word_1_265' title='bbox 1056 2051 1177 2097; x_wconf 86' lang='lat' dir='ltr'>esset,</span> <span class='ocrx_word' id='word_1_266' title='bbox 1209 2045 1281 2101; x_wconf 90' lang='lat' dir='ltr'>qui</span> <span class='ocrx_word' id='word_1_267' title='bbox 1312 2046 1350 2086; x_wconf 90' lang='lat' dir='ltr'>ei</span> <span class='ocrx_word' id='word_1_268' title='bbox 1378 2045 1510 2086; x_wconf 86' lang='lat' dir='ltr'>vitam</span> 
     </span>
     <span class='ocr_line' id='line_1_34' title="bbox 28 2100 1510 2151; baseline -0.003 -7"><span class='ocrx_word' id='word_1_269' title='bbox 28 2103 222 2144; x_wconf 87' lang='lat' dir='ltr'>auferret.</span> <span class='ocrx_word' id='word_1_270' title='bbox 272 2102 355 2144; x_wconf 85' lang='lat' dir='ltr'>Sed</span> <span class='ocrx_word' id='word_1_271' title='bbox 386 2118 482 2143; x_wconf 82' lang='lat' dir='ltr'>cum</span> <span class='ocrx_word' id='word_1_272' title='bbox 511 2103 706 2143; x_wconf 88' lang='lat' dir='ltr'>timerent</span> <span class='ocrx_word' id='word_1_273' title='bbox 735 2101 861 2142; x_wconf 89' lang='lat' dir='ltr'>deum</span> <span class='ocrx_word' id='word_1_274' title='bbox 883 2115 1039 2151; x_wconf 87' lang='lat' dir='ltr'>omnes,</span> <span class='ocrx_word' id='word_1_275' title='bbox 1071 2108 1111 2142; x_wconf 90' lang='lat' dir='ltr'>et</span> <span class='ocrx_word' id='word_1_276' title='bbox 1130 2115 1242 2142; x_wconf 90' lang='lat' dir='ltr'>mors</span> <span class='ocrx_word' id='word_1_277' title='bbox 1264 2101 1352 2142; x_wconf 87' lang='lat' dir='ltr'>eius</span> <span class='ocrx_word' id='word_1_278' title='bbox 1373 2100 1510 2141; x_wconf 84' lang='lat' dir='ltr'>differ-</span> 
     </span>
     <span class='ocr_line' id='line_1_35' title="bbox 27 2156 1509 2214; baseline -0.003 -14"><span class='ocrx_word' id='word_1_279' title='bbox 27 2165 155 2212; x_wconf 89' lang='lat' dir='ltr'>retur,</span> <span class='ocrx_word' id='word_1_280' title='bbox 185 2159 377 2214; x_wconf 86' lang='lat' dir='ltr'>pervenit</span> <span class='ocrx_word' id='word_1_281' title='bbox 406 2159 460 2199; x_wconf 91' lang='lat' dir='ltr'>ad</span> <span class='ocrx_word' id='word_1_282' title='bbox 488 2158 791 2213; x_wconf 80' lang='lat' dir='ltr'>Berengarium</span> <span class='ocrx_word' id='word_1_283' title='bbox 822 2172 971 2198; x_wconf 90' lang='lat' dir='ltr'>sermo.</span> <span class='ocrx_word' id='word_1_284' title='bbox 1016 2156 1146 2199; x_wconf 85' lang='lat' dir='ltr'>Willa</span> <span class='ocrx_word' id='word_1_285' title='bbox 1166 2171 1264 2198; x_wconf 82' lang='lat' dir='ltr'>vero</span> <span class='ocrx_word' id='word_1_286' title='bbox 1287 2157 1398 2212; x_wconf 87' lang='lat' dir='ltr'>cepit</span> <span class='ocrx_word' id='word_1_287' title='bbox 1417 2171 1509 2196; x_wconf 90' lang='lat' dir='ltr'>aru-</span> 
     </span>
     <span class='ocr_line' id='line_1_36' title="bbox 30 2212 1509 2271; baseline -0.003 -15"><span class='ocrx_word' id='word_1_288' title='bbox 30 2215 166 2271; x_wconf 88' lang='lat' dir='ltr'>spices</span> <span class='ocrx_word' id='word_1_289' title='bbox 197 2214 496 2270; x_wconf 84' lang='lat' dir='ltr'>maleficosque</span> <span class='ocrx_word' id='word_1_290' title='bbox 525 2214 747 2269; x_wconf 86' lang='lat' dir='ltr'>inquirere,</span> <span class='ocrx_word' id='word_1_291' title='bbox 780 2227 862 2268; x_wconf 89' lang='lat' dir='ltr'>quo</span> <span class='ocrx_word' id='word_1_292' title='bbox 894 2228 1039 2254; x_wconf 88' lang='lat' dir='ltr'>eorum</span> <span class='ocrx_word' id='word_1_293' title='bbox 1070 2212 1325 2253; x_wconf 82' lang='lat' dir='ltr'>carminibus</span> <span class='ocrx_word' id='word_1_294' title='bbox 1345 2213 1509 2253; x_wconf 77' lang='lat' dir='ltr'>iuvare-</span> 
     </span>
     <span class='ocr_line' id='line_1_37' title="bbox 28 2267 1510 2324; baseline -0.002 -13"><span class='ocrx_word' id='word_1_295' title='bbox 28 2279 108 2312; x_wconf 90' lang='lat' dir='ltr'>tur.</span> <span class='ocrx_word' id='word_1_296' title='bbox 156 2270 310 2312; x_wconf 87' lang='lat' dir='ltr'>Utrum</span> <span class='ocrx_word' id='word_1_297' title='bbox 340 2277 481 2311; x_wconf 86' lang='lat' dir='ltr'>autem</span> <span class='ocrx_word' id='word_1_298' title='bbox 502 2269 650 2310; x_wconf 88' lang='lat' dir='ltr'>horum</span> <span class='ocrx_word' id='word_1_299' title='bbox 673 2269 928 2310; x_wconf 81' lang='lat' dir='ltr'>carminibus</span> <span class='ocrx_word' id='word_1_300' title='bbox 948 2283 1002 2309; x_wconf 91' lang='lat' dir='ltr'>an</span> <span class='ocrx_word' id='word_1_301' title='bbox 1022 2269 1268 2324; x_wconf 82' lang='lat' dir='ltr'>Berengarii</span> <span class='ocrx_word' id='word_1_302' title='bbox 1289 2269 1343 2310; x_wconf 88' lang='lat' dir='ltr'>sit</span> <span class='ocrx_word' id='word_1_303' title='bbox 1367 2267 1510 2309; x_wconf 88' lang='lat' dir='ltr'>adiuta</span> 
     </span>
     <span class='ocr_line' id='line_1_38' title="bbox 28 2323 1039 2379; baseline -0.002 -12"><span class='ocrx_word' id='word_1_304' title='bbox 28 2325 228 2379; x_wconf 87' lang='lat' dir='ltr'>mollicie,</span> <span class='ocrx_word' id='word_1_305' title='bbox 259 2325 365 2367; x_wconf 88' lang='lat' dir='ltr'>adeo</span> <span class='ocrx_word' id='word_1_306' title='bbox 394 2341 510 2368; x_wconf 87' lang='lat' dir='ltr'>mens</span> <span class='ocrx_word' id='word_1_307' title='bbox 541 2326 630 2366; x_wconf 89' lang='lat' dir='ltr'>eius</span> <span class='ocrx_word' id='word_1_308' title='bbox 660 2332 723 2366; x_wconf 87' lang='lat' dir='ltr'>est</span> <span class='ocrx_word' id='word_1_309' title='bbox 751 2323 961 2377; x_wconf 90' lang='lat' dir='ltr'>inclinata,</span> <span class='ocrx_word' id='word_1_310' title='bbox 993 2330 1039 2365; x_wconf 89' lang='lat' dir='ltr'>ut</span> 
     </span>
    </p>

    <p class='ocr_par' dir='ltr' id='par_1_4' title="bbox 28 2380 1509 2493">
     <span class='ocr_line' id='line_1_39' title="bbox 279 2380 1257 2438; baseline -0.002 -16"><span class='ocrx_word' id='word_1_311' title='bbox 279 2389 427 2438; x_wconf 85' lang='lat' dir='ltr'>sponte</span> <span class='ocrx_word' id='word_1_312' title='bbox 458 2380 638 2422; x_wconf 86' lang='lat' dir='ltr'>maritali</span> <span class='ocrx_word' id='word_1_313' title='bbox 667 2381 902 2436; x_wconf 79' lang='lat' dir='ltr'>porrigeret</span> <span class='ocrx_word' id='word_1_314' title='bbox 932 2395 1005 2421; x_wconf 86' lang='lat' dir='ltr'>ora</span> <span class='ocrx_word' id='word_1_315' title='bbox 1035 2380 1216 2435; x_wconf 87' lang='lat' dir='ltr'>capistro</span> <span class='ocrx_word' id='word_1_316' title='bbox 1231 2387 1257 2420; x_wconf 88' lang='lat'>⁵.</span> 
     </span>
     <span class='ocr_line' id='line_1_40' title="bbox 28 2435 1509 2493; baseline -0.004 -13"><span class='ocrx_word' id='word_1_317' title='bbox 28 2437 334 2480; x_wconf 87' lang='lat' dir='ltr'>Presbiterulus</span> <span class='ocrx_word' id='word_1_318' title='bbox 362 2438 519 2493; x_wconf 84' lang='lat' dir='ltr'>itaque,</span> <span class='ocrx_word' id='word_1_319' title='bbox 550 2437 649 2492; x_wconf 84' lang='lat' dir='ltr'>quia</span> <span class='ocrx_word' id='word_1_320' title='bbox 679 2437 872 2478; x_wconf 82' lang='lat' dir='ltr'>dominae</span> <span class='ocrx_word' id='word_1_321' title='bbox 901 2436 1110 2478; x_wconf 84' lang='lat' dir='ltr'>asseculas</span> <span class='ocrx_word' id='word_1_322' title='bbox 1137 2435 1383 2485; x_wconf 72' lang='lat' dir='ltr'>adhinnivit,</span> <span class='ocrx_word' id='word_1_323' title='bbox 1414 2435 1509 2474; x_wconf 84' lang='lat' dir='ltr'>viri-</span> 
     </span>
    </p>
   </div>
   <div class='ocr_carea' id='block_1_3' title="bbox 29 2519 1507 2592">
    <p class='ocr_par' dir='ltr' id='par_1_5' title="bbox 29 2519 1507 2592">
     <span class='ocr_line' id='line_1_41' title="bbox 29 2519 1507 2555; baseline -0.003 -7"><span class='ocrx_word' id='word_1_324' title='bbox 29 2522 58 2555; x_wconf 82' lang='lat' dir='ltr'>a)</span> <span class='ocrx_word' id='word_1_325' title='bbox 80 2523 219 2553; x_wconf 84' lang='lat' dir='ltr'>ingresus</span> <span class='ocrx_word' id='word_1_326' title='bbox 243 2523 282 2547; x_wconf 38' lang='lat' dir='ltr'>l.⁷</span> <span class='ocrx_word' id='word_1_327' title='bbox 320 2521 350 2554; x_wconf 90' lang='lat' dir='ltr'>b)</span> <span class='ocrx_word' id='word_1_328' title='bbox 372 2522 591 2552; x_wconf 79' lang='lat' dir='ltr'>inpudissimae</span> <span class='ocrx_word' id='word_1_329' title='bbox 614 2529 689 2545; x_wconf 80' lang='lat' dir='ltr'>corr.</span> <span class='ocrx_word' id='word_1_330' title='bbox 713 2521 926 2552; x_wconf 74' lang='lat' dir='ltr'>inpurissimae</span> <span class='ocrx_word' id='word_1_331' title='bbox 950 2522 976 2546; x_wconf 95' lang='grc'>1.</span> <span class='ocrx_word' id='word_1_332' title='bbox 1029 2520 1055 2553; x_wconf 73' lang='grc' dir='ltr'>ο)</span> <span class='ocrx_word' id='word_1_333' title='bbox 1076 2524 1098 2545; x_wconf 84' lang='lat' dir='ltr'>t.</span> <span class='ocrx_word' id='word_1_334' title='bbox 1122 2521 1148 2545; x_wconf 86' lang='lat' dir='ltr'>d.</span> <span class='ocrx_word' id='word_1_335' title='bbox 1174 2528 1200 2547; x_wconf 78' lang='lat' dir='ltr'>c,</span> <span class='ocrx_word' id='word_1_336' title='bbox 1221 2528 1247 2544; x_wconf 81' lang='lat' dir='ltr'>v.</span> <span class='ocrx_word' id='word_1_337' title='bbox 1270 2528 1298 2551; x_wconf 91' lang='lat' dir='ltr'>p.</span> <span class='ocrx_word' id='word_1_338' title='bbox 1323 2519 1362 2543; x_wconf 85' lang='lat' dir='ltr'>M.</span> <span class='ocrx_word' id='word_1_339' title='bbox 1387 2525 1412 2544; x_wconf 95' lang='lat' dir='ltr'>o.</span> <span class='ocrx_word' id='word_1_340' title='bbox 1437 2525 1459 2543; x_wconf 86' lang='lat' dir='ltr'>c.</span> <span class='ocrx_word' id='word_1_341' title='bbox 1484 2526 1507 2544; x_wconf 80' lang='grc'>(·.</span> 
     </span>
     <span class='ocr_line' id='line_1_42' title="bbox 29 2561 986 2592; baseline -0.001 -6"><span class='ocrx_word' id='word_1_342' title='bbox 29 2563 61 2587; x_wconf 88' lang='lat' dir='ltr'>in</span> <span class='ocrx_word' id='word_1_343' title='bbox 82 2562 181 2586; x_wconf 76' lang='lat' dir='ltr'>&lt;lesum</span> <span class='ocrx_word' id='word_1_344' title='bbox 203 2561 230 2586; x_wconf 83' lang='lat'>5.</span> <span class='ocrx_word' id='word_1_345' title='bbox 253 2562 305 2586; x_wconf 81' lang='lat' dir='ltr'>5a.</span> <span class='ocrx_word' id='word_1_346' title='bbox 387 2561 415 2592; x_wconf 84' lang='lat' dir='ltr'>d)</span> <span class='ocrx_word' id='word_1_347' title='bbox 438 2561 526 2585; x_wconf 78' lang='lat' dir='ltr'>isthic</span> <span class='ocrx_word' id='word_1_348' title='bbox 550 2575 582 2578; x_wconf 97' lang='lat'><strong>—</strong></span> <span class='ocrx_word' id='word_1_349' title='bbox 608 2561 735 2585; x_wconf 80' lang='lat' dir='ltr'>exitauit</span> <span class='ocrx_word' id='word_1_350' title='bbox 756 2561 855 2584; x_wconf 69' lang='lat' dir='ltr'>desum</span> <span class='ocrx_word' id='word_1_351' title='bbox 878 2561 904 2585; x_wconf 81' lang='lat'>5.</span> <span class='ocrx_word' id='word_1_352' title='bbox 930 2561 986 2586; x_wconf 84' lang='lat' dir='ltr'>5a.</span> 
     </span>
    </p>
   </div>
   <div class='ocr_carea' id='block_1_4' title="bbox 29 2621 1508 2910">
    <p class='ocr_par' dir='ltr' id='par_1_6' title="bbox 29 2621 1508 2910">
     <span class='ocr_line' id='line_1_43' title="bbox 32 2621 1506 2667; baseline -0.001 -11"><span class='ocrx_word' id='word_1_353' title='bbox 32 2623 68 2667; x_wconf 83' lang='lat'>1)</span> <span class='ocrx_word' id='word_1_354' title='bbox 95 2625 245 2657; x_wconf 88' lang='lat' dir='ltr'>Bosonis</span> <span class='ocrx_word' id='word_1_355' title='bbox 271 2624 386 2656; x_wconf 83' lang='lat' dir='ltr'>fratris</span> <span class='ocrx_word' id='word_1_356' title='bbox 413 2623 517 2663; x_wconf 79' lang='lat' dir='ltr'>filiae,</span> <span class='ocrx_word' id='word_1_357' title='bbox 546 2624 590 2656; x_wconf 82' lang='lat' dir='ltr'>cf.</span> <span class='ocrx_word' id='word_1_358' title='bbox 618 2634 722 2666; x_wconf 80' lang='lat' dir='ltr'>supra</span> <span class='ocrx_word' id='word_1_359' title='bbox 748 2624 798 2656; x_wconf 89' lang='lat' dir='ltr'>IV</span> <span class='ocrx_word' id='word_1_360' title='bbox 826 2634 856 2656; x_wconf 81' lang='lat' dir='ltr'>c.</span> <span class='ocrx_word' id='word_1_361' title='bbox 886 2624 940 2654; x_wconf 89' lang='lat'>10.</span> <span class='ocrx_word' id='word_1_362' title='bbox 1043 2623 1077 2657; x_wconf 53' lang='lat'>‘25</span> <span class='ocrx_word' id='word_1_363' title='bbox 1104 2623 1183 2654; x_wconf 87' lang='lat' dir='ltr'>Ter.</span> <span class='ocrx_word' id='word_1_364' title='bbox 1210 2623 1300 2653; x_wconf 87' lang='lat' dir='ltr'>Eun.</span> <span class='ocrx_word' id='word_1_365' title='bbox 1327 2621 1374 2661; x_wconf 90' lang='lat' dir='ltr'>II,</span> <span class='ocrx_word' id='word_1_366' title='bbox 1395 2622 1426 2661; x_wconf 75' lang='lat'>2,</span> <span class='ocrx_word' id='word_1_367' title='bbox 1451 2621 1506 2654; x_wconf 79' lang='lat'>25.</span> 
     </span>
     <span class='ocr_line' id='line_1_44' title="bbox 30 2670 1505 2714; baseline -0.003 -9"><span class='ocrx_word' id='word_1_368' title='bbox 30 2674 65 2713; x_wconf 89' lang='lat'>3)</span> <span class='ocrx_word' id='word_1_369' title='bbox 96 2672 149 2705; x_wconf 88' lang='lat' dir='ltr'>Cf.</span> <span class='ocrx_word' id='word_1_370' title='bbox 178 2683 296 2705; x_wconf 86' lang='lat' dir='ltr'>versus</span> <span class='ocrx_word' id='word_1_371' title='bbox 324 2672 450 2706; x_wconf 88' lang='lat' dir='ltr'>Ovidio</span> <span class='ocrx_word' id='word_1_372' title='bbox 478 2674 610 2705; x_wconf 85' lang='lat' dir='ltr'>Nasoni</span> <span class='ocrx_word' id='word_1_373' title='bbox 637 2673 785 2704; x_wconf 85' lang='lat' dir='ltr'>tributos</span> <span class='ocrx_word' id='word_1_374' title='bbox 813 2671 1044 2714; x_wconf 23' lang='lat' dir='ltr'>(xAnthologia</span> <span class='ocrx_word' id='word_1_375' title='bbox 1071 2672 1133 2702; x_wconf 84' lang='lat' dir='ltr'>lat.</span> <span class='ocrx_word' id='word_1_376' title='bbox 1154 2670 1209 2702; x_wconf 85' lang='lat' dir='ltr'>ed.</span> <span class='ocrx_word' id='word_1_377' title='bbox 1228 2671 1332 2702; x_wconf 81' lang='lat' dir='ltr'>Riese</span> <span class='ocrx_word' id='word_1_378' title='bbox 1354 2681 1383 2702; x_wconf 92' lang='lat' dir='ltr'>c.</span> <span class='ocrx_word' id='word_1_379' title='bbox 1406 2670 1505 2710; x_wconf 73' lang='lat'>682):</span> 
     </span>
     <span class='ocr_line' id='line_1_45' title="bbox 29 2719 1507 2763; baseline -0.002 -10"><span class='ocrx_word' id='word_1_380' title='bbox 29 2733 63 2754; x_wconf 89' lang='lat' dir='ltr'>v.</span> <span class='ocrx_word' id='word_1_381' title='bbox 94 2723 110 2752; x_wconf 89' lang='lat'>1</span> <span class='ocrx_word' id='word_1_382' title='bbox 139 2722 282 2754; x_wconf 74' lang='lat' dir='ltr'>Rustico</span> <span class='ocrx_word' id='word_1_383' title='bbox 311 2745 318 2753; x_wconf 87' lang='lat'>.</span> <span class='ocrx_word' id='word_1_384' title='bbox 347 2746 353 2752; x_wconf 93' lang='lat'>.</span> <span class='ocrx_word' id='word_1_385' title='bbox 382 2746 389 2761; x_wconf 94' lang='lat'>,</span> <span class='ocrx_word' id='word_1_386' title='bbox 418 2722 437 2752; x_wconf 81' lang='lat'><strong>2</strong></span> <span class='ocrx_word' id='word_1_387' title='bbox 466 2745 474 2754; x_wconf 88' lang='lat'>.</span> <span class='ocrx_word' id='word_1_388' title='bbox 504 2746 510 2753; x_wconf 94' lang='lat'>.</span> <span class='ocrx_word' id='word_1_389' title='bbox 541 2747 548 2753; x_wconf 91' lang='lat'>.</span> <span class='ocrx_word' id='word_1_390' title='bbox 578 2721 719 2753; x_wconf 83' lang='lat' dir='ltr'>caudite</span> <span class='ocrx_word' id='word_1_391' title='bbox 746 2720 899 2763; x_wconf 86' lang='lat' dir='ltr'>petulce‚</span> <span class='ocrx_word' id='word_1_392' title='bbox 931 2721 951 2751; x_wconf 89' lang='lat'><strong>3</strong></span> <span class='ocrx_word' id='word_1_393' title='bbox 982 2720 1143 2761; x_wconf 80' lang='lat' dir='ltr'>Saetiger</span> <span class='ocrx_word' id='word_1_394' title='bbox 1167 2719 1331 2750; x_wconf 83' lang='lat' dir='ltr'>indocilis</span> <span class='ocrx_word' id='word_1_395' title='bbox 1358 2719 1507 2760; x_wconf 82' lang='lat' dir='ltr'>agrestis</span> 
     </span>
     <span class='ocr_line' id='line_1_46' title="bbox 29 2767 1508 2809; baseline -0.003 -7"><span class='ocrx_word' id='word_1_396' title='bbox 29 2770 177 2802; x_wconf 85' lang='lat' dir='ltr'>barbare</span> <span class='ocrx_word' id='word_1_397' title='bbox 207 2769 302 2809; x_wconf 82' lang='lat' dir='ltr'>dure,</span> <span class='ocrx_word' id='word_1_398' title='bbox 329 2770 350 2800; x_wconf 90' lang='lat'>4</span> <span class='ocrx_word' id='word_1_399' title='bbox 379 2794 386 2801; x_wconf 93' lang='lat'>.</span> <span class='ocrx_word' id='word_1_400' title='bbox 416 2796 423 2803; x_wconf 89' lang='lat'>.</span> <span class='ocrx_word' id='word_1_401' title='bbox 450 2770 575 2803; x_wconf 81' lang='lat' dir='ltr'>villose</span> <span class='ocrx_word' id='word_1_402' title='bbox 605 2794 612 2802; x_wconf 95' lang='lat'>.</span> <span class='ocrx_word' id='word_1_403' title='bbox 641 2794 648 2802; x_wconf 93' lang='lat'>.</span> <span class='ocrx_word' id='word_1_404' title='bbox 724 2770 761 2801; x_wconf 59' lang='lat'>4*</span> <span class='ocrx_word' id='word_1_405' title='bbox 788 2770 889 2800; x_wconf 83' lang='lat' dir='ltr'>Duae</span> <span class='ocrx_word' id='word_1_406' title='bbox 917 2768 1011 2800; x_wconf 85' lang='lat' dir='ltr'>filiae</span> <span class='ocrx_word' id='word_1_407' title='bbox 1038 2767 1182 2799; x_wconf 81' lang='lat' dir='ltr'>willam</span> <span class='ocrx_word' id='word_1_408' title='bbox 1210 2778 1242 2799; x_wconf 87' lang='lat' dir='ltr'>a.</span> <span class='ocrx_word' id='word_1_409' title='bbox 1270 2767 1339 2798; x_wconf 82' lang='lat'>965</span> <span class='ocrx_word' id='word_1_410' title='bbox 1366 2769 1401 2799; x_wconf 91' lang='lat' dir='ltr'>in</span> <span class='ocrx_word' id='word_1_411' title='bbox 1422 2767 1508 2799; x_wconf 87' lang='lat' dir='ltr'>Ger—</span> 
     </span>
     <span class='ocr_line' id='line_1_47' title="bbox 30 2815 1505 2859; baseline -0.003 -8"><span class='ocrx_word' id='word_1_412' title='bbox 30 2820 185 2852; x_wconf 84' lang='lat' dir='ltr'>maniam</span> <span class='ocrx_word' id='word_1_413' title='bbox 222 2818 491 2859; x_wconf 80' lang='lat' dir='ltr'>comitabantur,</span> <span class='ocrx_word' id='word_1_414' title='bbox 526 2820 630 2851; x_wconf 84' lang='lat' dir='ltr'>tertia</span> <span class='ocrx_word' id='word_1_415' title='bbox 656 2818 790 2850; x_wconf 83' lang='lat' dir='ltr'>Rozala</span> <span class='ocrx_word' id='word_1_416' title='bbox 817 2818 890 2849; x_wconf 87' lang='lat' dir='ltr'>sive</span> <span class='ocrx_word' id='word_1_417' title='bbox 920 2817 1078 2849; x_wconf 83' lang='lat' dir='ltr'>Susanna</span> <span class='ocrx_word' id='word_1_418' title='bbox 1105 2817 1253 2859; x_wconf 85' lang='lat' dir='ltr'>primum</span> <span class='ocrx_word' id='word_1_419' title='bbox 1280 2815 1423 2848; x_wconf 85' lang='lat' dir='ltr'>Arnulfo</span> <span class='ocrx_word' id='word_1_420' title='bbox 1450 2826 1505 2847; x_wconf 89' lang='lat' dir='ltr'>co-</span> 
     </span>
     <span class='ocr_line' id='line_1_48' title="bbox 30 2864 1505 2910; baseline -0.003 -10"><span class='ocrx_word' id='word_1_421' title='bbox 30 2868 105 2900; x_wconf 84' lang='lat' dir='ltr'>miti</span> <span class='ocrx_word' id='word_1_422' title='bbox 121 2867 310 2900; x_wconf 80' lang='lat' dir='ltr'>Flandriae</span> <span class='ocrx_word' id='word_1_423' title='bbox 325 2870 396 2899; x_wconf 87' lang='lat' dir='ltr'>tum</span> <span class='ocrx_word' id='word_1_424' title='bbox 408 2868 561 2900; x_wconf 86' lang='lat' dir='ltr'>Roberto</span> <span class='ocrx_word' id='word_1_425' title='bbox 576 2868 652 2910; x_wconf 86' lang='lat' dir='ltr'>regi</span> <span class='ocrx_word' id='word_1_426' title='bbox 662 2868 875 2899; x_wconf 78' lang='lat' dir='ltr'>Francorum</span> <span class='ocrx_word' id='word_1_427' title='bbox 887 2867 1014 2909; x_wconf 86' lang='lat' dir='ltr'>nupsit.</span> <span class='ocrx_word' id='word_1_428' title='bbox 1069 2865 1105 2907; x_wconf 76' lang='lat'>5)</span> <span class='ocrx_word' id='word_1_429' title='bbox 1120 2865 1278 2897; x_wconf 86' lang='lat' dir='ltr'>Iuvenal.</span> <span class='ocrx_word' id='word_1_430' title='bbox 1291 2865 1435 2905; x_wconf 80' lang='lat' dir='ltr'>Sat.V1,</span> <span class='ocrx_word' id='word_1_431' title='bbox 1448 2864 1505 2896; x_wconf 83' lang='lat'>43.</span> 
     </span>
    </p>
   </div>
  </div>
 </body>
</html>
