1878 3201
238 241 305 272 158
599 240 898 273 LIUDPRANDI
926 240 1148 273 LEGATIO.
1202 241 1356 272 50—53.

156 363 285 391 968.οο
316 350 429 405 quod
458 349 662 392 redeundi
692 350 746 391 ad
775 350 993 390 dominum
1023 356 1143 390 tuum
1177 350 1379 392 terminus
1407 356 1470 391 est
1501 348 1711 391 dilatatus.

63 401 146 433 sept·
171 403 217 429 ¹7·
234 407 392 447 Verum
422 421 474 447 ne
504 412 645 446 sancto
676 406 930 459 imperatori,
960 420 1066 446 neve
1096 404 1218 445 nobis
1239 419 1499 454 succenseas,
1532 418 1713 445 oramus.

234 460 464 502 Reddimus
494 468 637 502 autem
666 460 874 501 tarditatis
904 467 1000 500 tuae
1030 474 1214 500 causam.
1272 461 1391 515 Papa
1418 461 1633 501 Romanus
1657 486 1712 490 —-

235 517 271 558 si
309 524 450 558 tamen
484 530 595 571 papa
635 521 697 556 est
732 515 962 566 vocandus,
1001 515 1074 569 qui
1111 514 1323 555 Alberieia
1358 514 1442 556 filio
1482 521 1712 571 apostatae,

234 571 437 624 adultero,
468 570 711 625 sacrileg01,
741 570 1078 623 communicavit,
1109 571 1459 612 comministravit
1478 597 1532 601 —-
1555 570 1713 612 litteras

234 634 380 668 nostro
418 626 682 667 sanctissimo
718 625 981 679 imperatori,
1019 640 1062 666 se
1102 624 1266 680 dignas,
1308 624 1462 681 illoque
1504 625 1713 681 indignas,

235 683 361 729 misit,
395 682 657 722 Graecorum
688 679 818 732 illum,
849 687 890 721 et
908 694 991 720 non
1011 680 1297 721 Romanorum
1326 681 1622 735 imperatorem
1642 695 1715 721 vo-

237 752 354 790 cans,
376 736 490 792 quod
511 737 570 777 tui
592 735 752 776 domini
773 734 944 776 consilio
966 742 1106 776 actum
1129 750 1232 788 esse,
1253 750 1337 776 non
1351 742 1413 777 est
1433 734 1716 791 ἆμφίσβητον’.

348 805 364 813 ,-

345 806 412 844 ol.
459 802 625 855 ‘Quod',
656 803 829 857 inquam
849 816 1030 855 mecum,
1062 802 1251 844 ‘verbum
1272 802 1424 844 audio?
1453 803 1580 858 perii,
1600 802 1715 843 haud

235 859 413 901 dubium
443 865 516 910 est,
549 859 651 913 quin
680 859 722 897 in
751 858 983 913 pretorium
1014 865 1130 900 recta
1158 858 1424 913 profisciscar
1450 858 1581 899 via⁷!²

347 913 447 955 ‘Sed
476 928 600 969 papa,
631 912 755 965 audi',
786 914 915 966 aiunt,
948 914 1149 954 ‘omnium
1168 914 1386 955 hominum
1407 913 1608 966 stolidior,
1638 912 1717 953 sci-

235 985 341 1022 mus,
371 969 522 1021 dicere,
554 968 692 1009 dicere
721 969 799 1021 vis,
828 983 990 1023 nosque
1019 967 1063 1009 id
1091 969 1361 1024 profitemur’.
1409 968 1466 1010 At
1486 983 1585 1024 ego:
1608 967 1716 1008 ‘Non

234 1026 279 1066 id
307 1025 388 1066 aio.
418 1051 473 1054 —
501 1023 617 1064 Audi
661 1038 783 1079 ergo3
829 1024 903 1065 sed
945 1038 1057 1078 papa
1099 1024 1257 1077 fatuus,
1301 1024 1505 1076 insulsus,
1549 1025 1716 1079 ignorat

236 1080 561 1123 Constantinum
605 1086 795 1120 sanctum
832 1079 1067 1135 imperialia
1102 1086 1267 1136 sceptra
1301 1080 1383 1120 huc
1422 1079 1718 1130 transvexisse,

235 1143 427 1178 senatum
459 1150 626 1176 omnem
647 1143 928 1190 cunctamque
950 1135 1183 1176 Romanam
1205 1135 1407 1189 militiam,
1431 1136 1590 1177 Romae
1614 1148 1714 1176 vero

234 1191 333 1234 vilia
346 1191 571 1246 mancipia,
582 1191 812 1246 piscatores
826 1189 997 1242 scilicet,
1008 1190 1337 1245 cupedinariosb,
1346 1205 1544 1246 aucupes,
1552 1189 1714 1242 nothos,

234 1247 435 1303 plebeios,
467 1260 621 1297 servos,
652 1246 942 1287 tantummodo
974 1246 1181 1288 dimisisse
1196 1254 1223 1287 3.
1267 1246 1509 1302 Numquam
1539 1245 1608 1287 ille
1637 1245 1718 1286 11οο

233 1304 314 1343 nisi
344 1303 405 1343 tui
435 1302 705 1356 suggestione
736 1302 938 1343 scriberet
966 1302 1094 1356 regis,
1132 1301 1245 1357 quod
1275 1317 1402 1357 quam
1430 1301 1717 1356 periculosum

234 1356 442 1399 ambobus
462 1356 600 1406 fuerit,
620 1357 701 1397 nisi
717 1357 979 1411 resipuerint,
1000 1358 1197 1411 proxima
1211 1364 1403 1412 tempora
1420 1356 1716 1398 declarabunt'!

346 1411 447 1454 ‘Sed
476 1411 611 1467 papa’,
641 1413 828 1467 inquam,
867 1412 1148 1466 ‘simplicitate
1179 1411 1327 1465 clarus,
1357 1411 1411 1453 ad
1439 1411 1608 1452 laudem
1636 1411 1718 1452 hoc

235 1467 513 1523 imperatoris,
543 1481 627 1507 non
656 1468 709 1508 ad
740 1466 1038 1508 contumeliam
1069 1467 1250 1509 scribere
1280 1468 1456 1522 putavit.
1512 1466 1715 1508 Constan-

235 1525 371 1565 tinum
401 1523 641 1564 Romanum
670 1523 967 1577 imperatorem
1003 1537 1100 1563 cum
1129 1523 1322 1565 Romana
1359 1522 1508 1563 militia
1537 1522 1621 1563 huc
1649 1536 1717 1564 ve-

234 1579 369 1631 nisse,
410 1592 460 1619 ac
500 1578 715 1619 civitatem
752 1578 877 1619 istam
915 1592 990 1618 suo
1026 1593 1081 1620 ex
1114 1579 1284 1620 nomine
1321 1577 1572 1630 condidisse,
1603 1585 1717 1619 certo

235 1634 411 1686 scimus3
442 1633 516 1675 sed
547 1634 647 1689 quia
675 1632 877 1688 linguam,
908 1648 1046 1675 mores
1076 1641 1297 1689 vestesque
1317 1635 1524 1686 mutastis,
1553 1633 1720 1688 putavit

236 1690 525 1731 sanctissimus
555 1704 679 1744 papa,
717 1690 775 1730 ita
811 1688 933 1730 vobis
974 1689 1196 1744 displicere
1226 1691 1514 1731 Romanorum
1550 1703 1716 1741 nomen,

236 1746 346 1786 sicut
381 1750 423 1785 et
458 1750 631 1785 vestem.
692 1744 818 1796 Quod
854 1745 897 1784 in
937 1745 1100 1798 futuris,
1137 1745 1227 1787 vita
1263 1746 1435 1797 comite,
1477 1742 1721 1786 ostendetur

235 1800 440 1856 epistolis,
485 1814 665 1854 quarum
709 1801 1013 1855 superscriptio
1052 1801 1155 1842 haec
1196 1801 1291 1842 erit:
1346 1800 1566 1841 ‘Iohannes
1609 1814 1721 1854 papa

234 1857 452 1898 Romanus
482 1854 733 1910 Nicephoro,
774 1855 1064 1908 Constantino,
1101 1856 1273 1909 Basilio,
1310 1856 1473 1910 magnis
1511 1855 1720 1896 Romano-

235 1926 330 1952 rum
359 1910 685 1966 imperatoribus
715 1917 841 1966 atque
862 1912 1084 1966 augustis’!
1140 1911 1266 1963 Quod
1294 1919 1495 1952 curnamc
1525 1910 1717 1963 dixerim,

237 1981 394 2022 quaeso
424 1965 642 2008 advertite.

347 2023 414 2063 52.
471 2021 737 2076 Nicephorus
780 2022 964 2076 periurio
1001 2029 1127 2077 atque
1163 2021 1366 2064 adulterio
1402 2022 1521 2077 regni
1555 2021 1721 2076 apicem

236 2083 299 2119 est
328 2077 504 2132 adeptus
516 2083 546 2120 ⁴.
604 2077 662 2118 Et
692 2077 891 2132 quoniam
932 2077 1254 2118 christianorum
1294 2077 1483 2118 omnium
1520 2075 1632 2117 salus
1666 2075 1721 2117 ad

235 2134 417 2174 Romani
446 2146 582 2187 papae
612 2134 793 2188 pertinet
833 2131 1167 2185 sollicitudinem,
1203 2134 1339 2174 mittat
1372 2131 1612 2188 Nicephoro
1648 2130 1720 2172 do-

235 2190 375 2229 minus
404 2203 515 2244 papa
544 2188 765 2243 epistolam
796 2187 1028 2243 sepulcln·is
1059 2190 1228 2229 omnino
1259 2187 1450 2240 similem,
1482 2202 1590 2243 quae
1618 2185 1720 2228 foris

236 2251 334 2285 sunt
363 2242 569 2295 dealbata,
606 2245 718 2285 intus
752 2243 876 2299 plena
912 2250 1009 2285 sunt
1049 2243 1211 2285 ossibus
1247 2251 1530 2296 mortuorum,
1567 2243 1721 2297 impro-

237 2306 355 2355 peret
384 2298 444 2339 illi
473 2300 738 2353 intrinsecus,
773 2298 952 2355 qualiter
981 2301 1166 2354 periurio
1207 2307 1248 2341 et
1275 2298 1478 2341 adulterio
1509 2298 1721 2352 acceperit

237 2369 366 2410 super
396 2354 589 2395 dominos
619 2369 718 2396 suos
747 2354 1053 2407 monarchiam3
1089 2356 1238 2396 invitet
1274 2369 1369 2396 eum
1405 2353 1461 2395 ad
1496 2353 1719 2408 synodum,

238 2418 279 2452 et
308 2411 342 2451 si
372 2424 457 2450 non
485 2411 658 2463 venerit,
688 2409 952 2451 anathemate
981 2409 1115 2451 feriat.
1173 2411 1219 2450 Si
1249 2410 1550 2464 superscriptio
1579 2408 1722 2449 huius-

238 2465 353 2507 modi
383 2480 467 2506 non
496 2465 633 2518 fuerit,
664 2480 741 2507 nec
770 2465 825 2506 ad
854 2466 992 2519 ipsum
1022 2480 1157 2520 usque
1186 2465 1352 2506 feretur.

349 2521 417 2562 53.
474 2521 598 2562 Nunc
627 2520 682 2562 ad
711 2522 976 2576 propositum
1007 2521 1239 2561 redeamus.
1300 2520 1639 2575 Superscriptam
1667 2534 1722 2561 ex

239 2628 270 2661 a)
291 2629 428 2654 albericii
451 2629 477 2653 C.
519 2628 549 2661 b)
574 2628 764 2660 cupediarios
787 2628 813 2653 C.
838 2628 872 2659 “s-
897 2628 963 2653 Am.
988 2629 1012 2654 V
1034 2636 1055 2654 c.
1080 2628 1125 2653 32.
1169 2627 1196 2661 c)
1219 2629 1290 2660 quia
1311 2635 1381 2653 nam
1404 2628 1433 2652 C.
1457 2635 1582 2653 curnam
1599 2627 1720 2652 Giesebon

243 2714 278 2757 1)
306 2716 456 2748 Iohanni
482 2716 568 2747 XII.
595 2726 721 2758 papae,
749 2716 793 2747 cf.
821 2716 911 2748 Hist.
940 2716 1012 2748 Ott.
1033 2726 1062 2748 0.
1082 2716 1116 2748 4.
1146 2716 1199 2747 10.
1230 2716 1284 2748 12.
1361 2713 1398 2757 2)
1426 2715 1503 2747 Ter.
1523 2715 1632 2747 Andr.
1653 2715 1721 2755 III,

240 2764 272 2804 4,
300 2765 364 2796 21:
402 2765 486 2807 quin
512 2765 594 2796 hinc
628 2765 664 2796 in
698 2765 882 2806 pistrinum
909 2767 1009 2796 reeta
1033 2764 1236 2807 proficiscar
1262 2764 1345 2796 via?
1446 2762 1484 2805 3)
1512 2762 1566 2796 Cf.
1592 2763 1673 2796 Ant.
1701 2763 1719 2794 I

241 2824 271 2844 c.
300 2813 344 2843 26
371 2824 404 2845 v.
434 2814 465 2852 7,
492 2813 581 2855 Leg.
611 2824 641 2845 0.
671 2813 726 2844 12.
826 2813 863 2851 4)
893 2812 1066 2844 Adulterii
1093 2816 1278 2845 accusatur
1305 2816 1447 2854 propter
1473 2813 1614 2855 nuptias
1642 2822 1719 2844 cum

239 2861 503 2903 Theophanone
530 2865 680 2902 augusta
708 2861 917 2893 celebratas.
