1853 3209
246 198 292 229 20
452 196 752 229 LIUDPRANDI
778 196 1120 229 ANTAPODOSIS.
1169 197 1263 228 LIB.
1291 197 1321 228 Ι.
1373 197 1529 230 34-36,

246 307 330 348 lam
358 307 584 359 faciebant,
614 314 757 361 gestus
791 307 939 362 turpis,
977 315 1124 347 cantus
1160 306 1354 360 ludicres,
1394 306 1724 348 dibachationes.

247 362 333 404 Sed
363 370 404 404 et
432 362 628 403 mulieres
658 361 807 402 eodem
836 361 1018 416 publice,
1058 376 1134 416 pro
1165 361 1294 414 nefas,
1325 361 1722 417 p1·0stituebantur¹.

359 418 424 460 34.
470 417 667 471 Denique
706 415 952 456 redeuntem
989 430 1133 470 regem
1172 431 1325 472 magna
1360 432 1456 458 cum
1485 417 1726 459 valetudine

246 473 473 514 Arnulfum
503 472 676 526 palatim
704 485 781 511 rex
811 470 938 513 Wido
969 472 1248 526 persequitur.
1300 472 1494 528 Cumque
1523 472 1726 514 Arnulfus

246 528 453 569 Bai-donis
483 532 668 567 montem
697 526 997 566 conscenderet
1009 533 1037 577 2,
1067 525 1146 566 hoc
1176 542 1349 567 suorum
1379 527 1550 568 consilio
1582 527 1726 568 defini-

246 584 343 635 vita,
386 584 582 638 quatinus
613 581 918 634 Berengarium
956 580 1113 621 lumine
1144 582 1341 636 privaret,
1379 584 1524 638 sicque
1553 597 1727 624 securus

246 638 413 679 Italiam
454 637 672 678 obtineret.
741 636 1030 690 Cognatorum
1068 650 1167 676 vero
1207 637 1451 692 Berengarii
1490 653 1612 691 unus,
1654 640 1728 694 qui

246 708 331 734 non
360 707 491 748 parva
511 691 690 733 Arnulfo
720 692 810 746 regi
838 690 1131 731 familiaritatis
1160 693 1298 745 gratia
1326 692 1556 746 inherebat,
1586 694 1728 734 huius-

246 748 361 789 modi
391 747 613 789 consilium
643 753 691 788 ut
709 747 893 800 agnovit,
923 746 1083 801 absque
1104 761 1223 787 mora
1241 747 1496 802 Berengario
1518 748 1728 803 patefecit.

248 805 334 856 Qui
363 818 465 844 mox
494 810 541 844 ut
570 803 711 854 sensit,
741 802 912 842 lucerna
942 816 1069 856 quam
1099 809 1195 843 ante
1225 802 1392 843 Arnulfi
1419 804 1529 858 regis
1559 819 1728 859 presen-

246 860 349 900 tiam
370 864 562 900 tenuerat
582 857 653 897 alii
671 857 837 909 tradita,
858 856 994 911 fugiit,
1017 864 1143 911 atque
1165 857 1378 898 Veronam
1397 859 1582 913 percitus
1602 859 1727 900 venit.

359 915 424 955 35.
471 913 629 954 Omnes
674 918 831 953 extunc
874 911 1091 953 Italienses
1136 911 1360 953 Arnulfum
1408 913 1728 969 floccipendere,

245 969 390 1011 nichili
429 969 596 1010 habere.
663 967 787 1009 Unde
827 982 925 1008 cum
965 967 1159 1008 Ticinum
1197 969 1359 1009 veniret
1377 975 1404 1021 3,
1444 984 1528 1009 non
1562 969 1732 1010 modica

246 1026 367 1066 horta.
396 1030 458 1065 est
485 1025 529 1065 in
559 1023 727 1064 civitate
757 1022 936 1075 sedici03
972 1030 1170 1078 tantaque
1200 1024 1294 1064 istic
1325 1025 1536 1065 exercitus
1568 1031 1729 1079 strages

246 1082 361 1121 faeta
396 1087 471 1132 est,
509 1086 556 1120 ut
594 1080 754 1133 criptae
784 1078 977 1130 civitatis,
1020 1093 1123 1133 quas
1154 1078 1234 1119 alio
1265 1081 1434 1121 nomine
1474 1079 1638 1120 cloacas
1668 1080 1728 1120 di-

247 1143 358 1188 cunt,
388 1135 538 1176 horum
559 1133 834 1175 cadaveribus
855 1134 1127 1189 replerentur.
1169 1134 1295 1185 Quod
1315 1134 1519 1176 Arnulfus
1541 1149 1728 1188 cernens,

249 1191 446 1246 quoniam
467 1206 543 1245 per
561 1190 774 1230 Veronam
795 1204 879 1229 non
900 1189 1049 1244 potuit,
1081 1203 1157 1243 per
1175 1189 1428 1230 Hamiibalis
1449 1190 1576 1242 viam,
1600 1204 1729 1246 quam

246 1246 460 1287 bardum*
481 1246 637 1297 dicunt⁷
670 1250 709 1286 et
727 1250 914 1285 montem
934 1244 1048 1284 Iovis
1068 1245 1272 1300 repedare
1292 1244 1489 1300 disponit.
1534 1245 1730 1301 Cumque

103 1322 151 1355 ·p.
167 1324 231 1348 234.
247 1301 526 1357 *Eporegiam
541 1301 812 1356 pervenisset,
829 1299 1060 1341 Anscarius
1080 1300 1293 1341 marchio⁵
1315 1301 1408 1342 istic
1430 1300 1587 1353 aderat,
1609 1302 1729 1342 cuius

248 1365 289 1399 et
326 1357 496 1398 hortatu
535 1356 683 1396 civitas
723 1355 965 1397 rebellabat.
1023 1355 1185 1396 Verum
1223 1356 1302 1396 hoc
1338 1356 1543 1397 Arnulfus
1574 1357 1729 1397 iureiu-

245 1413 377 1454 rando
420 1412 681 1468 promiserat,
720 1425 953 1466 numquam
983 1426 1026 1451 se
1057 1425 1080 1450 a
1110 1411 1203 1451 loco
1246 1410 1393 1452 eodem
1430 1411 1726 1464 discessurum,

246 1467 387 1524 quoad
425 1467 661 1522 presentiae
701 1481 801 1507 suae
837 1472 1127 1520 presentarent
1161 1466 1428 1507 Anscarium.
1496 1468 1538 1507 Is
1574 1474 1729 1520 autem,

245 1531 292 1565 ut
322 1530 409 1565 erat
438 1523 563 1563 homo
593 1521 717 1562 valde
752 1521 1060 1573 formidolosus,
1101 1521 1139 1562 ei
1168 1523 1336 1562 omnino
1377 1522 1522 1562 similis
1563 1536 1646 1577 quo
1677 1522 1729 1563 de

245 1580 363 1620 Maro
399 1579 503 1619 ait62

415 1634 594 1688 ‘Largus
624 1647 766 1688 opum,
796 1632 941 1686 lingua
969 1630 1129 1685 melior,
1160 1631 1234 1672 sed
1263 1631 1415 1687 frigida
1444 1632 1554 1673 bello

413 1687 627 1740 Dextera’,

248 1746 300 1787 de
330 1744 501 1786 castello
533 1743 647 1796 exiit⁷
679 1750 721 1785 et
749 1744 869 1783 iuxta
898 1757 1067 1782 murum
1098 1743 1277 1783 civitatis
1307 1743 1352 1782 in
1382 1743 1571 1784 cavernis
1592 1750 1730 1798 petra-

247 1816 341 1841 rum
370 1800 504 1841 latuit.
549 1799 645 1839 Hoc
675 1805 817 1839 autem
847 1812 896 1838 eo
926 1797 1036 1851 fecit,
1069 1799 1266 1853 quatinus
1295 1798 1408 1839 licite
1438 1806 1611 1853 possent
1639 1799 1730 1853 regi

246 1855 427 1897 Arnulfo
467 1854 728 1905 satisfacere,
768 1854 1023 1894 Anscarium
1063 1854 1106 1894 in
1145 1852 1251 1894 urbe
1290 1868 1375 1894 non
1415 1868 1518 1895 esse.
1578 1855 1728 1909 Itaque

246 1910 539 1952 iusiurandum
569 1925 646 1951 rex
674 1909 788 1950 istud
816 1910 995 1962 accepit,
1026 1916 1153 1964 atque
1182 1909 1262 1949 iter
1288 1908 1403 1963 quod
1424 1917 1592 1963 ceperat
1611 1908 1727 1950 abiit.

167 1999 221 2025 399
359 1967 425 2007 36.
470 1965 775 2019 Profectusque
805 1965 848 2004 in
869 1964 1053 2019 propria,
1083 1964 1329 2019 turpissima
1348 1963 1589 2006 valetudine
1611 1965 1728 2020 expi-

112 2038 185 2064 Dee.
205 2017 231 2065 8]
246 2023 368 2062 ravit.
412 2021 587 2061 Minutis
619 2021 777 2076 quippe
806 2019 1020 2060 vermibus
1050 2034 1155 2074 quos
1185 2019 1447 2073 pedunculos
1468 2020 1586 2060 aiunt
1605 2020 1728 2061 vehe-

247 2084 410 2118 menter
437 2075 617 2127 aflictus,
649 2076 842 2130 spiritum
873 2074 1068 2116 reddidit.
1126 2075 1278 2115 Fertur
1307 2083 1461 2128 autem,
1494 2075 1608 2130 quod
1635 2090 1727 2130 pre-

245 2133 320 2173 fati
363 2146 528 2172 vermes
573 2131 678 2172 adeo
723 2131 1015 2182 scaturrirent,
1061 2136 1107 2171 ut
1150 2130 1274 2170 nullis
1313 2130 1573 2171 medicorum
1615 2131 1727 2171 curis

166 1223 231 1247 894.

246 2270 275 2303 a)
299 2270 447 2296 definiunt
469 2271 494 2295 1.

249 2375 285 2418 1)
312 2376 391 2408 Hoc
420 2379 525 2418 caput
551 2375 597 2406 ad
623 2376 839 2416 Bergomum
867 2377 1104 2416 expugnatum
1130 2374 1307 2415 pertinere
1333 2373 1454 2416 Lupus
1481 2372 1587 2415 (Cod.
1615 2373 1728 2416 diplo-

246 2428 329 2457 mat.
357 2425 551 2465 Bergomas
577 2424 605 2463 Ι,
634 2422 743 2462 1027)
770 2426 866 2454 recte
895 2423 1041 2454 censuit.
1127 2420 1164 2463 2)
1189 2422 1413 2464 Apenninum
1439 2425 1591 2454 montem
1619 2433 1728 2466 prope

246 2472 367 2504 Bardi.
616 2471 654 2512 3)
694 2472 764 2502 Hic
803 2471 951 2502 fortasse
993 2473 1115 2502 auctor
1164 2476 1283 2502 noster
1326 2469 1482 2510 labitur,
1535 2480 1614 2502 eum
1656 2471 1728 2502 iam

247 2532 279 2552 a.
307 2520 375 2551 886
413 2519 469 2551 die
505 2519 700 2562 palmarum
738 2520 854 2550 Ticini
888 2519 1016 2550 seditio
1053 2522 1128 2550 orta
1163 2519 1218 2558 sit,
1251 2518 1295 2550 ef.
1332 2518 1522 2550 Annalium
1556 2518 1726 2551 Fuldens.

247 2572 382 2611 partem
409 2569 440 2601 V
467 2568 513 2599 ad
539 2568 572 2599 h.
599 2578 629 2600 a.
791 2565 829 2609 4)
856 2567 926 2599 Ubi
954 2566 1059 2599 hodie
1093 2566 1278 2598 castellum
1305 2567 1401 2598 Bard
1427 2567 1507 2598 viae
1532 2567 1727 2607 imminere,

246 2617 426 2659 Eporedia
470 2617 668 2658 Augustam
709 2615 858 2648 tendens
901 2615 1032 2657 aspicis
1075 2613 1146 2656 (Cf,
1188 2614 1323 2646 Arnulfi
1366 2616 1475 2648 Gesta
1517 2614 1727 2658 archiepisc.

246 2665 393 2697 Mediol.
420 2666 467 2705 ΙΙ,
496 2675 526 2696 0.
555 2664 594 2695 8:
629 2665 793 2707 praecisa
819 2674 904 2696 saxa
930 2663 1215 2706 inexpugnabilis
1234 2663 1331 2706 opidi
1350 2662 1485 2705 Bardi).
1527 2663 1598 2696 Sed
1615 2663 1726 2695 Liud-

247 2714 420 2755 prandum
448 2724 490 2745 ea
517 2723 607 2755 quae
625 2713 783 2745 Annales
810 2712 1008 2744 Fuldenses
1037 2712 1080 2744 de
1107 2712 1218 2754 primo
1244 2711 1379 2744 Arnulfi
1406 2712 1520 2744 reditu
1548 2722 1590 2743 ex
1617 2711 1725 2743 Italia

246 2766 399 2801 narrant,
426 2762 530 2793 alteri
554 2772 739 2804 perperam
764 2762 928 2801 tribuere,
954 2764 1064 2804 patet.
1140 2759 1177 2802 5)
1205 2760 1367 2792 VVidonis
1392 2761 1520 2800 socius,
1549 2760 1726 2803 quondam

247 2810 455 2842 Oscarensis
480 2811 565 2853 pagi
591 2810 819 2852 Burgundiae
847 2820 977 2842 comes.
1079 2809 1115 2845 6)
1142 2809 1229 2840 Αο11.
1256 2809 1319 2847 ΧΙ,
1348 2808 1429 2841 338.
1456 2809 1538 2841 339.
