1853 3209
145 164 189 195 50
337 162 639 194 LIUDPRANDI
665 161 1009 196 ANTAPODOSIS.
1060 164 1154 195 LIB.
1182 163 1229 196 ΙΙ.
1283 163 1437 196 64-66.

144 280 261 328 gunt.
318 273 537 314 Profectus
567 272 748 328 denique
777 271 926 324 eodem
954 271 1228 324 Gislebertus‚
1259 281 1354 315 ante
1376 274 1511 314 XXX
1531 274 1620 316 dies

66 345 130 370 922.
145 344 242 370 eum
271 327 437 369 Italiam
467 327 692 369 adventare
723 328 871 382 coegit.
931 328 1016 379 Qui
1047 336 1296 384 susceptusa
1326 328 1378 370 ab
1412 329 1620 382 omnibus,

65 384 130 409 1³¹¹·
144 384 203 424 nil
231 383 489 438 Berengario
530 397 584 423 ex
623 383 737 423 omni
776 397 905 437 regno
944 390 1084 436 preter
1112 384 1325 425 Veronam
1355 384 1533 437 dimisit3
1564 390 1620 425 te-

66 440 320 495 9243,nuitque
348 445 483 479 totum
512 452 588 492 per
615 437 841 479 triennium
870 437 1044 478 viriliter
1070 454 1260 493 regnum.

74 502 131 529 ω’
255 519 321 559 65.
367 517 474 558 Cum
514 516 603 557 XII
641 517 808 557 sibimet
843 516 955 557 horis
992 516 1117 558 homo
1161 517 1342 573 placeat,
1388 518 1621 574 displiceat,

144 574 224 616 hoc
254 573 378 614 modo
410 571 608 625 diligath,
648 570 751 612 illud
781 586 882 612 mox
910 579 1202 627 asperneturc,
1250 575 1319 628 qui
1350 574 1442 615 fieri
1470 581 1621 629 potest,

143 637 190 671 ut
221 627 414 670 omnibus
442 641 607 682 semper
625 641 674 668 ae
707 627 929 668 uanimiter
957 626 1152 682 placeat?
1209 629 1344 683 Igitur
1363 629 1472 670 infra
1500 630 1624 670 trien-

144 685 261 726 nium
301 682 415 724 istud
453 696 530 722 rex
560 681 684 722 Rodu
700 682 764 723 fus
796 681 1051 737 quibusdam
1080 683 1230 735 bonus,
1270 683 1361 725 aliis
1391 685 1530 739 gravis
1562 691 1625 726 est

146 741 275 781 visus.
334 737 459 779 Unde
486 737 643 778 factum
674 745 752 789 est,
793 743 839 778 ut
867 739 993 780 totius
1028 739 1148 793 regni
1184 739 1322 780 media
1350 739 1496 794 populi
1526 754 1624 795 pars

153 793 396 846 Rodfflfum,
426 792 567 834 media
594 793 898 847 Berengarium
926 792 1086 834 velletl.
1144 794 1301 835 Parant
1329 795 1471 849 itaque
1502 794 1624 836 civile

143 866 227 892 non
246 849 462 890 modicum
481 847 657 899 bellum3
689 855 730 889 et
760 849 960 903 quoniam
980 849 1123 901 Wido,
1153 848 1422 890 Placentinae
1444 850 1623 891 civitatis

145 906 380 962 episcopus,
413 903 661 958 Berengarii
692 904 883 958 partibus
913 903 1120 956 favebaffl,
1151 905 1240 945 XII
1260 904 1383 959 longe
1407 904 1624 947 Placentia

145 960 334 1003 miliariis
363 960 483 1000 iuxta
513 958 810 1000 Florentiolam
840 958 997 1000 bellum
1028 960 1329 1001 eonstituuntd.

0 1030 131 1095 ¹1³·{3g-
202 1029 341 1070 *Tum
383 1042 511 1082 quam
551 1027 651 1068 satis
690 1026 861 1067 horrida
916 1038 962 1071 10
994 1027 1174 1069 Loetum
1203 1035 1326 1083 parat
1355 1042 1452 1069 ecce
1482 1028 1627 1084 nepoti

0 1110 60 1135 Mi
85 1091 131 1138 17]
662 1096 807 1137 pugna
996 1082 1502 1136 Abavus78ternendusab
1512 1084 1624 1138 ips03

233 1138 379 1181 Oritur
410 1137 541 1179 civilis
573 1145 613 1180 et
647 1146 750 1190 atra,
995 1139 1135 1180 Furiis
1165 1138 1355 1194 pulsatus
1386 1140 1438 1180 ab
1469 1140 1569 1180 atris

230 1195 350 1247 Heu,
398 1200 596 1249 quattuor
639 1200 734 1234 ante
778 1193 863 1233 Ka·
995 1195 1188 1235 Fratrem
1204 1194 1309 1236 fodit
1325 1195 1488 1236 eminus
1509 1193 1626 1236 alter.

664 1247 808 1290 lendas
995 1249 1278 1305 Berengarius
1312 1251 1397 1291 ruit
1425 1251 1515 1305 ipse

232 1306 416 1357 Quatere
453 1303 650 1356 Sextilis3
681 1309 723 1344 at
753 1304 844 1358 ipse
918 1316 962 1348 15
994 1305 1158 1347 Medios
1174 1321 1251 1348 rex
1266 1321 1341 1361 per
1353 1307 1460 1347 citus
1472 1306 1626 1358 hostes,

178 1373 196 1404 5
229 1361 385 1402 Radios
414 1374 629 1414 emergere
652 1359 861 1411 Phoebus,
996 1362 1263 1416 Properansg
1293 1376 1372 1402 ceu
1401 1360 1542 1416 fulgur
1572 1361 1626 1402 ab

229 1416 393 1457 Bucina
424 1415 538 1455 Mars
576 1430 673 1456 cum
716 1416 863 1469 strepit
1476 1416 1573 1469 alto,

709 1469 805 1510 alta.
998 1471 1151 1513 Cancri
1179 1486 1307 1526 grave
1336 1473 1452 1513 sidus
1482 1473 1628 1513 aristas

231 1526 370 1567 Gnato
434 1531 554 1580 pater
615 1525 706 1580 ipse
770 1540 862 1580 per·
997 1527 1140 1568 Deicit
1198 1541 1293 1568 cum
1357 1527 1464 1568 falce
1481 1529 1498 1554 ¹¹
1557 1542 1629 1569 no-

628 1581 808 1622 hennem
1395 1583 1526 1625 vellas
1543 1591 1573 1623 3.

229 1638 331 1678 Fert
356 1637 583 1688 interitum,
613 1637 863 1691 genitusque
996 1636 1132 1680 Aliter
1160 1653 1245 1680 non
1274 1638 1385 1680 ferus
1415 1646 1456 1680 et
1485 1646 1607 1680 atrox

230 1691 434 1734 Perhimit
450 1698 626 1748 patrem,
651 1691 770 1732 dolor
790 1692 841 1734 he
850 1693 863 1719 f
915 1703 964 1736 20
995 1694 1197 1734 Miserum
1219 1709 1295 1736 rex
1315 1695 1406 1750 ipse
1422 1693 1628 1736 Rodulfus

678 1748 807 1803 quis?
996 1749 1139 1791 Deicit
1169 1764 1370 1791 mucrone
1400 1749 1628 1806 popellum.

57 1831 129 1864 (ἰδ’)
258 1829 323 1869 66.
367 1827 556 1869 Dederat
594 1842 671 1868 rex
709 1827 913 1870 Rodulfus
953 1827 1228 1870 VValdradam
1270 1844 1455 1871 sororem
1496 1843 1629 1883 suam,

146 1888 231 1924 tam
261 1882 397 1924 forma
418 1897 544 1938 quam
565 1884 771 1938 sapientia
801 1898 908 1938 quae
928 1898 1041 1925 nunc
1072 1899 1206 1940 usque
1234 1892 1425 1941 superest
1454 1884 1630 1926 honesta

146 1945 349 1991 matrona,
381 1939 602 1991 coniugem
633 1938 853 1980 Bonefatio
875 1939 1019 1980 comiti
1047 1941 1352 1995 potentissimo,
1385 1941 1456 1996 qui
1486 1946 1629 1982 nostro

144 2001 242 2048 post
270 1999 485 2050 tempore4
507 1993 826 2035 Camerinorum
858 2001 898 2036 et
920 1994 1234 2049 Spoletinorum
1265 1997 1402 2038 extitit
1427 1996 1628 2037 marchio.

144 2050 242 2101 Hic,
274 2049 449 2091 collecta
478 2048 761 2103 multitudine,
800 2064 895 2090 cum
927 2050 1135 2092 Gariardo
1177 2052 1336 2106 pariter
1366 2052 1519 2093 comite
1548 2052 1629 2093 Ro-

146 2104 259 2146 dulfo
297 2105 341 2145 in
377 2105 580 2145 auxilium
610 2112 802 2158 venerat,
843 2111 991 2161 atque,
1032 2114 1078 2148 ut
1115 2114 1204 2148 erat
1231 2108 1296 2148 vir
1334 2114 1421 2149 tam
1451 2106 1628 2148 callidus

147 2175 274 2217 quam
305 2159 465 2213 audax,
505 2159 652 2202 maluit
681 2162 821 2215 potius
853 2175 948 2202 cum
986 2163 1071 2203 suis
1102 2163 1144 2203 in
1180 2162 1344 2203 insidiis
1374 2163 1538 2219 positus
1567 2164 1628 2204 rei

146 2217 306 2257 exitmn
345 2222 589 2271 expectare,
631 2231 758 2272 quam
798 2218 981 2272 primum
1020 2216 1117 2259 belli
1160 2219 1364 2273 impetum
1410 2219 1629 2260 sustinere.

147 2272 323 2313 Iamiam
353 2271 522 2312 Rodulfi
552 2286 685 2327 poene
717 2286 860 2314 omnes
897 2272 1049 2315 milites
1079 2273 1297 2329 fugerant,
1338 2280 1379 2315 et
1417 2274 1629 2328 Berenga-

146 2378 175 2412 a)
199 2382 376 2411 supsceptus
401 2381 426 2405 1.
489 2379 519 2411 b)
543 2380 562 2405 i.
585 2387 623 2405 m.
647 2387 671 2404 a.
695 2388 723 2410 q.
744 2380 764 2404 f.
788 2388 816 2411 p.
839 2383 871 2406 ut
894 2388 919 2406 o.
943 2389 965 2405 s.
989 2388 1034 2406 ae.
1058 2389 1087 2413 p.
1111 2382 1210 2407 desunt
1233 2383 1258 2407 2.
1314 2381 1341 2415 c)
1365 2385 1580 2414 asperneretur
1603 2384 1630 2410 1.

146 2417 176 2451 d)
206 2421 315 2450 parant
343 2418 398 2444 5a.
480 2418 507 2450 e)
540 2418 676 2448 Quatuor
705 2420 731 2444 5.
762 2418 815 2444 5a.
908 2419 931 2451 f)
962 2420 1022 2445 heu
1051 2423 1181 2451 quantus
1213 2422 1237 2445 5.
1271 2421 1326 2447 53.
1419 2420 1449 2453 g)
1478 2422 1630 2453 Properas

147 2465 222 2483 corr.
246 2458 417 2489 Properans
442 2459 466 2482 1.
500 2458 650 2489 Properas
675 2459 700 2483 2.
723 2459 750 2484 5.
781 2459 929 2489 Properat
951 2459 1006 2485 5a.
1086 2458 1117 2491 h)
1141 2459 1264 2485 falfalce
1288 2462 1314 2485 1.

150 2544 185 2586 1)
215 2545 268 2588 Cf:
296 2545 514 2577 Oonstantin.
542 2545 806 2587 Porphyrogen.
834 2545 877 2577 de
904 2545 1036 2578 admin.
1063 2547 1146 2589 imp.
1167 2557 1197 2580 c.
1218 2547 1282 2578 26:
1310 2546 1365 2579 καὶ
1383 2543 1402 2579 ὃ
1424 2545 1484 2592 μὲν
1506 2541 1630 2592 ἥμισυς

146 2590 233 2633 λαὸς
249 2588 292 2637 ἦν
312 2589 398 2637 μετὰ
417 2592 478 2625 τοῦ
508 2591 692 2638 Βεριγγέρι,
713 2589 732 2625 ὃ
752 2591 790 2626 δὲ
811 2590 935 2633 λοιπὸς
956 2591 1040 2638 μετὰ
1061 2594 1122 2627 τοῦ
1146 2591 1379 2638 (Ροδούλφου.
1465 2596 1502 2638 2)
1522 2596 1627 2628 Wido

149 2643 334 2684 episcopus
373 2652 462 2673 anno
503 2642 572 2673 905
613 2641 747 2674 electus
784 2646 931 2675 vocatur
968 2643 1003 2674 in
1044 2643 1173 2676 chartis
1214 2644 1422 2685 Berengarii
1465 2644 1627 2677 ‘devotus

148 2688 382 2732 (carissimus)
409 2690 640 2722 auricularius
667 2690 806 2731 noster',
839 2691 883 2722 cf.
911 2691 1108 2732 Diimmler‚
1136 2693 1245 2725 Gesta
1272 2693 1480 2734 Berengarii
1507 2704 1540 2735 p.
1570 2692 1626 2725 56.

148 2737 184 2777 3)
213 2738 266 2770 Cf.
292 2739 323 2771 V
352 2749 382 2770 c.
410 2739 465 2779 11,
491 2739 583 2771 Hist.
613 2739 683 2771 Ott.
713 2750 742 2771 c.
770 2739 802 2780 8,
829 2740 946 2771 Boetii
973 2740 1114 2773 Consol.
1141 2741 1272 2774 Philos.
1303 2741 1320 2772 I
1347 2752 1378 2773 c.
1408 2740 1439 2773 6.
1519 2740 1556 2782 4)
1573 2740 1627 2773 Cf.

148 2797 251 2828 supra
279 2787 294 2818 I
323 2798 351 2819 c.
381 2787 437 2819 21.
472 2788 573 2819 Anno
602 2797 632 2820 c.
661 2787 729 2818 953
757 2788 886 2821 obiisse
913 2788 1064 2821 videtur.
