1853 3209
162 280 226 305 925.

155 454 174 471 1.
197 453 221 471 e.

60 488 223 516 temptans

167 728 221 761 (4.)

157 769 222 793 2326.

85 1869 92 1877 ⁸
106 1879 134 1902 p.
149 1871 215 1898 306.

244 158 288 188 60
426 158 726 191 LIUDPRANDI
752 159 1097 193 ANTAPODOSIS.
1147 160 1241 192 LIB.
1269 160 1337 191 111.
1392 160 1544 193 12—14.

242 268 430 323 Hugoni,
469 270 760 323 potentissimo
791 276 831 310 et
861 271 1166 324 sapientissimo
1196 270 1523 311 Provincialium
1564 273 1722 326 comiti,

241 323 426 377 mandat,
470 330 517 365 ut
559 325 603 364 in
644 323 810 365 Italiam
853 326 995 366 veniat
1037 340 1301 381 regnumque
1339 326 1522 367 Rodulfo
1562 328 1724 370 auferat

242 380 407 435 sibique
451 387 643 434 potenter
688 380 885 420 obtineat.
959 379 1064 421 Erat
1107 381 1217 421 enim
1265 381 1391 436 longo
1437 396 1490 423 ex
1534 389 1721 437 tempore

240 434 381 477 multis
413 435 673 488 argumentis
703 442 744 476 et
772 435 862 489 ipse
892 434 1165 489 periclitans*,
1197 437 1231 476 si
1252 437 1356 478 forte
1376 452 1555 492 regnum
1579 445 1723 492 posset

241 491 427 533 obtinere
470 489 679 531 Italicum.
736 490 820 530 Hic
864 491 974 530 enim
1020 498 1060 531 et
1100 491 1346 546 Berengarii
1389 494 1473 533 iam
1516 494 1722 534 nominati

240 547 352 601 regis
397 551 587 601 tempore
628 560 725 586 cum
766 545 935 586 multis¹
979 546 1022 585 in
1062 545 1228 586 Italiam
1267 556 1458 601 venerat,
1508 548 1581 589 sed
1621 549 1721 603 quia

239 600 443 657 regnandi
473 610 641 656 tempus
673 601 710 642 ei
739 601 928 641 nondum
960 600 1199 654 advenerat,
1231 616 1255 642 a
1275 602 1531 659 Berengario
1552 605 1721 645 territus

240 667 304 699 est
334 664 461 712 atque
491 656 674 711 fugatus.

353 736 416 777 13.
475 735 683 777 Rodulfus
714 736 896 791 denique
937 750 1032 776 cum
1072 736 1317 778 infidelitate
1356 751 1529 778 suorum
1568 753 1721 794 preno-

238 793 419 833 minatos
463 791 727 832 adversarios
772 805 970 846 superare
1013 806 1098 832 non
1142 799 1296 847 posset,
1338 793 1381 832 in
1424 793 1720 847 Burgundiam

237 847 465 902 profectus,
495 846 745 887 Bruchardo
777 846 1014 888 Suevorum
1045 847 1156 900 duci,
1196 848 1316 888 cuius
1356 847 1436 888 sibi
1466 847 1595 889 filiam
1626 864 1722 890 con-

236 903 352 956 iugio
383 901 600 958 copularat
611 910 638 955 ²,
670 902 899 954 demmtiat,
945 909 992 944 ut
1021 904 1085 943 sui
1115 904 1158 943 in
1187 902 1392 944 auxilium
1422 905 1574 946 veniat.
1634 905 1721 957 Qui

237 958 420 1000 collectis
453 959 598 1013 copiis,
628 972 726 998 cum
756 957 938 999 Rodulfo
970 959 1190 1000 confestim
1234 959 1279 999 in
1314 958 1480 1000 Italiam
1521 968 1586 1001 est
1623 975 1721 1015 pro-

234 1014 383 1055 fectus.
430 1013 626 1069 Cumque
647 1014 905 1069 Eporegiam
930 1015 1231 1069 pervenissent,
1262 1014 1493 1056 Rodulfum
1513 1015 1722 1057 Bruchar-

235 1070 314 1111 dus
344 1070 403 1111 ita
433 1070 649 1111 convenit:

346 1139 411 1178 14.
473 1137 581 1192 ‘Ipse
613 1152 692 1192 ego
723 1144 769 1179 ut
807 1136 1030 1191 legationis
1067 1137 1242 1179 obtentu
1281 1137 1585 1180 Mediolanium
1624 1153 1719 1194 pro-

234 1193 413 1246 ficiscar,
443 1208 529 1234 non
559 1191 791 1234 absurdum
820 1193 999 1234 videtur.
1058 1193 1154 1234 Hac
1185 1194 1296 1235 enim
1327 1194 1548 1235 occasione
1569 1195 1719 1236 mbem

234 1248 477 1303 explorare,
538 1256 665 1304 atque
720 1263 866 1290 eorum
915 1256 1061 1304 potero
1111 1264 1387 1304 cognosscere
1435 1248 1719 1291 voluntatem'.

233 1304 453 1345 Profectus
485 1304 681 1360 denique,
714 1318 811 1344 cum
841 1305 925 1344 iam
946 1304 1249 1346 Mediolanium
1278 1306 1553 1361 pervenisset,
1584 1306 1719 1361 prius-

235 1374 362 1414 quam
401 1360 551 1401 urbem
599 1360 901 1415 ingrederetur,
946 1361 1000 1401 ad
1045 1361 1157 1402 beati
1204 1375 1254 1401 ac
1294 1361 1474 1415 preciosi
1517 1362 1717 1417 martyris

233 1415 452 1456 Laurentii
483 1415 705 1456 ecclesiam
736 1416 935 1456 orationis
956 1417 1092 1470 gratia
1119 1415 1361 1469 declinavit3
1392 1416 1478 1469 sed,
1509 1424 1556 1457 ut
1586 1417 1717 1470 aiunt,

232 1485 319 1511 non
358 1478 523 1512 tantum
562 1471 785 1526 peticionis
826 1485 967 1523 causa,
1014 1477 1219 1527 quantum
1258 1470 1428 1512 alterius
1468 1472 1529 1513 rei
1567 1473 1717 1526 gratia.

234 1527 397 1567 Dicunt
427 1527 552 1578 enim,
584 1527 684 1582 quia
712 1541 846 1582 prope
877 1527 1089 1568 civitatem
1132 1535 1195 1568 est
1223 1526 1412 1580 ecclesia,
1453 1527 1558 1568 miro
1589 1535 1717 1583 atque

232 1584 423 1637 precioso
455 1597 580 1637 opere
609 1582 826 1632 fabricata,
858 1598 955 1623 eum
986 1583 1144 1624 ibidem
1167 1584 1442 1624 munitionem
1464 1584 1718 1625 constituere

231 1637 350 1691 velle,
389 1652 472 1693 qua
510 1652 595 1679 non
643 1637 780 1679 solum
815 1638 1152 1679 Mediolanenses
1193 1638 1266 1679 sed
1304 1646 1345 1679 et
1386 1638 1528 1693 plures
1571 1638 1718 1681 Italiae

231 1694 444 1749 principes
496 1694 720 1735 cohercere
770 1693 1038 1735 decrevisset.
1109 1694 1214 1735 Inde
1262 1708 1361 1735 vero
1409 1695 1568 1747 exiens,
1619 1709 1716 1735 cum

232 1751 351 1791 iuxta
396 1765 564 1790 murum
610 1750 792 1791 civitatis
840 1751 1060 1805 equitaret,
1109 1749 1255 1804 lingua
1302 1750 1485 1805 propria,
1534 1749 1614 1791 hoc
1653 1758 1717 1792 est

232 1805 477 1857 Teutonica,
518 1820 616 1846 suos
656 1806 715 1845 ita
755 1806 970 1846 convenit:
1021 1805 1081 1846 ‘Si
1110 1806 1332 1846 Italienses
1363 1820 1506 1846 omnes
1537 1820 1621 1847 uno
1652 1807 1715 1847 uti

229 1860 523 1902 tantummodo
545 1860 711 1912 calcari,
726 1861 1031 1916 informesque*
1047 1876 1131 1902 non
1151 1861 1288 1902 fecero
1307 1860 1554 1902 caballicare
1570 1877 1715 1917 equas,

230 1932 314 1957 non
346 1932 440 1957 sum
470 1916 761 1969 Bruchardus3
791 1916 1079 1958 fortitudinem
1110 1916 1320 1972 siquidem
1350 1917 1458 1957 muri
1484 1916 1609 1957 huius
1640 1932 1715 1959 seu

229 1971 507 2024 altitudinem,
555 1987 637 2029 qua
677 1987 720 2014 se
760 1973 915 2013 muniri
954 1972 1181 2025 confidunt,
1218 1971 1362 2012 nichili
1401 1972 1562 2027 pendo,
1599 1973 1713 2014 iactu

229 2029 386 2084 quippe
403 2027 574 2069 lanceae
591 2042 710 2069 meae
726 2027 989 2069 adversarios
1012 2028 1064 2069 de
1084 2042 1204 2068 muro
1222 2034 1408 2068 mortuos
1425 2027 1711 2083 precipitabo'.

227 2085 347 2125 Haec
383 2091 525 2125 autem
555 2098 604 2125 eo
649 2084 830 2136 dicebat,
876 2084 1075 2139 quoniam
1120 2084 1330 2125 neminem
1375 2083 1713 2125 adversariorum

228 2154 328 2181 suae
357 2140 417 2181 ibi
447 2139 617 2194 linguae
657 2154 838 2195 gnarum
875 2155 966 2181 esse
1005 2138 1195 2195 putabat.
1254 2139 1415 2180 Verum
1456 2154 1532 2180 suo
1573 2141 1713 2181 omine

226 2210 310 2236 non
330 2194 443 2236 bono
486 2195 657 2251 quidam
688 2196 782 2236 istic
812 2195 969 2248 aderat,
1011 2209 1266 2251 quamquam
1296 2209 1512 2250 pannosus
1541 2195 1713 2251 despec-

227 2258 306 2304 tus,
337 2252 427 2292 eius
457 2258 599 2292 tamen
631 2251 822 2306 loquelae
853 2252 977 2304 scius,
1009 2251 1082 2306 qui
1102 2250 1253 2291 horum
1275 2252 1462 2291 omnium
1482 2250 1712 2307 Lamperto

226 2306 502 2362 archipresuli
539 2306 649 2348 celer
684 2308 819 2349 factus
850 2313 912 2348 est
949 2307 1135 2348 nuntius.
1219 2306 1303 2358 Qui
1334 2313 1381 2347 ut
1418 2314 1506 2347 erat
1541 2307 1710 2361 ingenio

226 2362 392 2414 callens,
435 2362 730 2404 Bruchardum
774 2378 859 2403 non
903 2362 1111 2417 despexit,
1166 2361 1238 2402 sed
1275 2361 1385 2402 malo
1430 2362 1568 2402 animo
1612 2377 1710 2403 eum

227 2419 475 2473 suscipiens,
520 2418 769 2460 mirabiliter
812 2419 1055 2471 honoravit3
1106 2417 1179 2458 sed
1224 2423 1264 2458 et
1307 2418 1416 2458 inter
1455 2423 1594 2458 cetera
1629 2417 1709 2458 hoc

225 2475 345 2530 quasi
377 2474 413 2515 ei
444 2473 667 2529 privilegio
698 2475 853 2515 amoris
885 2474 1104 2526 concessit,
1136 2487 1305 2514 cervum
1331 2473 1528 2527 quatinus
1558 2487 1634 2514 suo
1664 2475 1709 2514 in

224 2529 356 2571 brolio
417 2537 639 2571 venaretur
652 2537 680 2583 ³,
742 2529 856 2585 quod
913 2528 1014 2570 nulli
1073 2543 1274 2584 umquam
1332 2528 1411 2568 nisi
1468 2528 1706 2570 karissimis

223 2650 251 2683 a)
275 2655 475 2676 ueneramtur
499 2653 524 2677 1.

227 2750 261 2789 1)
290 2752 376 2783 Cum
405 2752 544 2784 Bosone
572 2762 740 2793 germano
769 2755 802 2783 et
829 2751 939 2782 altero
966 2751 1118 2792 Hugone
1145 2750 1335 2782 Taliaferni
1363 2748 1411 2791 (5³)
1439 2750 1521 2790 filio,
1550 2751 1593 2782 cf.
1615 2750 1706 2784 Con—

222 2801 365 2832 stantio.
395 2800 436 2832 de
464 2800 556 2833 adm.
584 2802 667 2843 imp.
697 2811 725 2832 c.
755 2800 810 2839 26,
837 2812 870 2842 p.
902 2799 981 2831 116.
1083 2798 1119 2839 ΕΞ)
1148 2798 1199 2831 Cf.
1230 2809 1334 2841 supra
1360 2799 1397 2829 II
1426 2810 1454 2831 c.
1484 2800 1540 2831 60.
