1902 3200
241 257 543 290 LIUDPRANDI
570 254 916 287 ANTAPODOSIS.
969 255 1063 286 LIB.
1091 255 1161 286 III.
1215 255 1367 288 35-37.
1494 257 1536 287 69

53 369 270 424 amplioris
298 369 381 408 iam
412 367 598 422 potentie
628 372 749 418 esset,
789 363 943 407 talibus
980 364 1228 419 adgreditur
1258 366 1427 406 eosdem
1459 381 1540 407 ser-

53 425 250 465 monibus
286 423 518 479 principes:
578 421 804 473 ‘Quoniam
843 421 1056 461 communi
1100 427 1239 461 vestro
1284 420 1432 461 iuditio
1477 429 1541 463 cst

54 479 284 531 definitum,
315 476 606 533 imperialibus
637 492 703 517 mo
724 477 784 517 uti
808 475 966 531 caligis,
1000 476 1349 531 περιφανέστατοι
1370 491 1539 531 ηρωαις,

53 533 373 591 perifanestati,
404 533 448 574 id
487 540 549 574 est
592 531 846 573 nobilissimi
876 531 1038 583 heroes,
1080 538 1245 572 vestrae
1278 532 1540 572 auctoritatis

52 588 336 632 benivolentia
366 602 474 643 quac
505 587 753 640 contulistis,
783 587 980 628 videntur
1008 586 1199 627 mihimet
1236 591 1367 638 amaa
1399 602 1539 638 (επινα,

51 645 176 700 aglaa
207 645 349 700 apina,
380 644 424 684 id
456 649 519 684 est
557 644 752 698 preciosa
781 643 905 695 dona,
937 641 1179 698 diligentius
1209 657 1308 683 vcro
1349 641 1539 682 conside-

33 700 158 741 'ranti
188 700 326 740 visum
357 706 420 740 est
449 698 552 739 mihi
585 699 834 740 histrionum
865 699 1144 739 mimorumve
1174 711 1290 738 more
1330 697 1539 749 incedere,

50 756 123 812 qui
153 761 198 795 ut
227 754 282 796 ad
312 755 443 795 risum
473 754 596 796 facile
628 755 772 796 turbas
803 753 990 806 illiciant,
1021 754 1151 794 variis
1182 768 1272 795 sese
1303 752 1540 808 depingunt

51 809 277 853 coloribus.
335 811 484 851 Risum
524 811 707 866 denique
746 809 837 851 aliis
867 824 952 850 non
983 809 1131 861 solum,
1173 809 1247 850 sed
1278 808 1380 849 mihi
1411 808 1539 849 etiam

48 866 130 922 ipsi
159 880 331 917 moveo,
372 867 473 907 dum
513 866 694 922 pedibus
731 866 1046 921 imperatorem,
1092 865 1231 919 capite
1270 878 1539 905 communem

48 922 206 962 imitari
235 922 382 963 videar
411 920 579 977 plebem
592 928 620 961 ²¹.
680 921 789 962 Nam
821 935 928 977 quae
959 919 1208 961 comoedia?
1246 921 1402 960 mimus
1442 920 1538 974 quis

48 976 226 1019 melior?
283 978 418 1032 Igitur
447 984 520 1018 aut
549 991 749 1018 coronam
779 976 965 1032 prebete,
995 983 1069 1017 aut
1096 975 1253 1031 caligas
1283 974 1536 1031 imperiales,

49 1034 143 1089 quis
192 1032 420 1073 ridiculush
460 1032 618 1088 populo
657 1032 826 1084 videor,
865 1032 1049 1072 auferte’.
1108 1031 1204 1071 Hoc
1243 1030 1367 1086 plane
1408 1030 1536 1082 dicto,

46 1088 182 1144 magis
212 1094 353 1128 autem
385 1102 468 1143 qua
499 1088 661 1129 cunctis
691 1094 859 1142 preerat
895 1087 1115 1142 potestatis
1146 1086 1410 1137 auctoritate,
1451 1100 1536 1125 om-

45 1144 163 1184 nium
192 1143 348 1184 iudicio
380 1157 577 1192 coronam
608 1143 779 1198 recepit,
811 1150 852 1184 et
882 1141 1113 1197 caligarum
1135 1142 1331 1183 decorem
1362 1141 1536 1181 minime
1553 1159 1617 1184 920.
1642 1160 1716 1186 Dec.

44 1198 243 1255 perdidit.
302 1198 442 1240 Huius
464 1199 639 1240 miretur
658 1198 928 1253 prudentiam
948 1212 1086 1251 nemo,
1117 1196 1191 1239 sed
1220 1195 1367 1238 laudes
1387 1196 1540 1238 referat

46 1254 125 1296 deo
168 1253 307 1295 cordis
347 1269 400 1295 ex
440 1255 608 1307 intimo,
650 1254 723 1309 qui
764 1254 889 1309 erigit
928 1253 1064 1305 elisos,
1105 1252 1230 1294 solvit
1275 1252 1536 1307 compeditos
1550 1272 1600 1297 pS.
1626 1272 1690 1297 145,

46 1311 166 1352 cuius
202 1310 247 1351 in
284 1324 414 1351 manu
454 1309 564 1351 calix
601 1310 688 1351 vini
727 1311 832 1351 meri
871 1308 1020 1365 plenus
1057 1310 1217 1350 mixt00
1247 1308 1452 1349 inclinans
1483 1323 1537 1350 ex
1551 1324 1600 1350 ΡΞ.
1626 1324 1671 1356 74,
1695 1323 1722 1349 9.

43 1365 125 1407 1100
152 1366 197 1406 in
226 1365 319 1407 hoc.

155 1422 222 1463 36.
266 1421 309 1462 [s
348 1427 491 1462 autem
526 1420 675 1462 humili
714 1421 849 1462 fuerat
888 1421 1107 1476 prosapia,
1153 1435 1207 1461 ex
1250 1421 1534 1461 Armenorum

45 1475 207 1518 scilicet
234 1483 371 1533 gente,
404 1477 617 1529 oriundus,
648 1492 786 1532 neque
816 1475 951 1517 solum
982 1483 1122 1517 mente
1144 1481 1396 1531 conceperat
1424 1475 1533 1516 futu-

42 1547 150 1585 rum,
182 1547 226 1573 se
255 1533 366 1588 regis
395 1533 437 1573 in
469 1531 566 1573 aula
597 1547 699 1584 esse,
729 1531 886 1573 nedum
915 1531 1152 1587 imperialia
1183 1539 1349 1587 sceptra
1378 1539 1533 1573 tenere.

43 1587 130 1629 Sed
161 1588 263 1644 quid
292 1588 518 1643 prophetes
547 1587 673 1628 Anna
702 1588 835 1629 dicit?
895 1588 1118 1628 ‘Dominus
1155 1602 1389 1643 pauperem
1419 1586 1534 1639 facit,

43 1643 167 1696 ditat,
198 1642 410 1696 humiliat,
442 1651 482 1685 et
513 1642 730 1696 sublimat,
762 1643 971 1684 suscitans
1001 1658 1026 1683 a
1055 1650 1167 1684 terra
1196 1644 1380 1698 inopem,
1411 1649 1452 1683 et
1482 1642 1533 1684 de
1552 1658 1563 1681 1
1581 1656 1655 1687 Reg.
1673 1656 1698 1689 2,
1718 1656 1744 1682 7.

43 1706 228 1740 stercore
250 1700 415 1753 erigens
430 1713 676 1754 pauperem,
694 1706 740 1739 ut
760 1699 903 1740 sedeat
924 1713 1020 1739 cum
1037 1699 1302 1754 principibus
1320 1705 1361 1739 et
1383 1697 1533 1739 solium

42 1753 201 1810 gloriae
231 1761 384 1796 teneat.
443 1755 618 1795 Domini
650 1755 761 1796 enim
793 1761 892 1795 sunt
922 1755 1114 1796 cardines
1155 1756 1317 1796 terrae’.
1375 1754 1430 1794 Ei
1460 1754 1534 1794 ita-

44 1825 124 1865 que
144 1809 386 1863 immortali,
413 1809 636 1862 invisibili,
677 1810 756 1851 deo
798 1810 874 1850 soli
904 1809 1037 1851 honor
1076 1816 1116 1851 et
1135 1809 1269 1866 gloria
1288 1824 1364 1865 per
1385 1816 1537 1851 cuncta

44 1865 281 1908 seculorum
313 1865 467 1918 secula,
497 1880 634 1906 amen.

155 1922 222 1962 37.
265 1921 463 1977 Denique
479 1921 670 1962 Romano
692 1922 946 1977 imperatore
963 1922 1203 1973 constituto,
1227 1920 1531 1971 Christoforon,

44 1992 170 2034 quem
200 1983 296 2018 ante
326 1977 492 2032 imperii
521 1977 769 2032 dignitatem
798 1977 1016 2029 habuerat,
1046 1977 1343 2032 imperatorem
1383 1976 1532 2017 consti·
1549 1987 1616 2012 921.
1641 1988 1713 2013 Mai.

42 2033 165 2086 tuit⁶3
195 2039 291 2088 post
320 2033 487 2088 imperii
516 2047 616 2074 vero
648 2034 712 2073 sui
744 2032 1049 2074 ordinationem
1067 2047 1177 2073 uxor
1207 2032 1298 2073 eius
1329 2032 1368 2073 ei
1398 2031 1532 2072 filium

42 2089 210 2145 peperit
236 2089 407 2130 nomine
435 2088 667 2130 Stefanum.
725 2089 910 2129 Rursum
941 2096 1145 2144 concepto
1176 2088 1303 2141 foetu,
1333 2087 1464 2128 alium
1494 2089 1532 2129 ei

43 2144 209 2200 peperit
244 2143 451 2186 vocabulo
493 2143 855 2185 Constantinume.
916 2145 1034 2195 Quos
1075 2158 1220 2186 omnes
1257 2144 1532 2199 imperatores

45 2200 317 2253 constituens,
348 2200 578 2241 contraius
598 2199 745 2256 fasque
776 2215 819 2241 se
851 2205 892 2241 et
914 2199 1249 2256 Christophoron
1278 2199 1532 2254 primogeni-

43 2263 134 2299 tum
185 2255 380 2296 dominof
424 2270 499 2296 suo
549 2256 794 2311 imperatori
839 2255 1118 2299 Constantino
1163 2255 1530 2311 Porphyrogenito
1546 2265 1613 2290 922.

43 2312 284 2367 preposuit3
315 2311 422 2352 adeo
452 2310 589 2366 plane,
620 2318 666 2352 ut
695 2312 972 2367 procedentes
1001 2312 1036 2352 is
1057 2313 1118 2352 tin
1147 2310 1422 2366 prolempsin,
1452 2310 1531 2351 hoc

45 2375 107 2409 est
137 2366 190 2408 ad
219 2365 453 2422 publicum,
483 2367 537 2408 ad
569 2374 758 2408 sanctam
791 2367 1009 2422 Sophyam
1041 2366 1212 2419 scilicet,
1251 2366 1319 2408 vel
1349 2366 1403 2407 ad
1434 2365 1530 2407 Vla-

45 2422 238 2475 chernas,
280 2438 355 2464 seu
395 2422 449 2463 ad
489 2430 655 2463 sanctos
692 2422 922 2478 apostolos,
959 2423 1173 2464 Romanos
1214 2436 1310 2463 cum
1349 2421 1532 2464 Christo-

43 2478 177 2534 phoro
198 2479 479 2534 primogenito
508 2478 796 2534 precederent,
819 2478 1120 2520 Constantinus
1141 2478 1533 2533 Porphyrogenitus

45 2540 86 2576 et
114 2533 198 2574 duo
230 2535 384 2576 caeteri
415 2542 703 2589 sequerentur.
750 2534 877 2586 Quod
907 2548 1035 2590 quam
1056 2533 1229 2589 indigne
1250 2535 1384 2575 iustus
1404 2532 1534 2574 iudex

45 2588 276 2644 pertulerit,
317 2589 427 2631 ulcio
460 2591 720 2646 subsequens
750 2589 992 2631 declaravit.
1051 2590 1161 2630 Nam
1191 2597 1287 2645 post
1316 2588 1532 2629 modicum

47 2643 371 2701 Christophoros
402 2646 625 2688 defunctus
656 2652 730 2688 est.
790 2646 1092 2688 Constantinus
1122 2646 1263 2700 itaque
1293 2643 1533 2699 Porphyro-
1547 2664 1614 2690 931,
1639 2664 1714 2696 Aug,

47 2701 214 2756 genitus
264 2715 360 2742 cum
405 2702 592 2743 oracioni
635 2709 725 2743 tum
773 2700 1032 2743 leccionibus
1073 2715 1254 2752 vacans,
1303 2706 1438 2741 totum
1488 2714 1533 2741 se

47 2820 76 2853 a)
99 2821 218 2846 blebem
241 2823 267 2846 1.
338 2821 368 2854 b)
391 2822 489 2847 riculfi
513 2824 537 2848 1.
618 2820 643 2853 c)
665 2822 742 2846 mitti
764 2829 839 2847 corr.
863 2822 957 2846 mixto
982 2822 1007 2846 1.
1088 2819 1117 2851 d)
1139 2820 1271 2845 costituit
1295 2822 1320 2846 1.
1392 2819 1420 2852 e)
1444 2827 1533 2845 uoca-

49 2860 120 2885 bulo
143 2867 199 2885 con
221 2861 334 2885 ultimae
355 2862 457 2886 codicis
479 2861 812 2893 maustroneoburyeusis
842 2868 926 2891 voces,
942 2860 1019 2891 solio
1048 2860 1175 2891 sequenti
1197 2860 1296 2884 excito.
1388 2859 1411 2892 f)
1430 2860 1460 2884 'in
1482 2860 1533 2884 hac

48 2906 110 2924 voce
132 2900 232 2924 desinit
253 2900 336 2924 codex
363 2900 518 2925 Vindobon.
541 2900 576 2925 N.
601 2901 655 2925 427
