1837 3209
261 223 352 255 VIII
743 223 1010 258 PRAEFATIO
1036 224 1276 258 EDITORIS.

116 331 461 381 'p.267.ecclesiae
491 333 815 375 *Cremonensis
845 349 939 375 cum
961 334 1064 375 aliis
1085 337 1396 376 commutavitJ.
1439 336 1601 377 Eodem
1622 350 1739 376 anno

262 390 405 429 statim
428 395 531 442 post
558 389 712 430 Leonis
753 389 865 430 VIII.
897 389 1053 430 obitum
1088 404 1181 430 una
1221 406 1315 431 cum
1352 391 1506 445 Otyero
1535 390 1742 445 Spirensi

262 444 461 498 episcopo
491 443 657 498 Zeqatus
679 459 764 498 pro
795 443 990 499 eZiyendo
1021 459 1153 499 papa
1188 446 1343 486 iterum
1370 446 1553 487 Romam
1583 447 1740 486 missus

261 505 321 539 est
335 505 363 538 ².
417 497 509 545 Quo
530 514 701 540 munere
724 499 988 554 amplissimo
997 499 1199 554 functus,
1228 507 1372 542 utrum
1391 503 1438 542 in
1460 500 1742 541 Germaniam

260 554 444 608 indeque
487 553 733 595 Cremonam
770 555 972 606 redierit,
1013 570 1070 595 an
1110 555 1384 608 imperatoris
1421 558 1469 597 in
1500 555 1633 597 Italia
1665 555 1742 596 ad-

260 615 430 650 ventum
453 609 748 663 praestolatus
769 612 836 662 sit,
870 610 990 650 haud
1009 611 1302 663 comperimus.
1347 611 1477 652 Anno
1499 611 1580 651 966
1601 625 1741 652 mense

260 746 413 778 turbatio
440 746 684 789 invidiosaque
712 748 893 779 accusatio
919 746 1052 778 fecerat
1079 750 1256 789 expertem
1283 756 1304 777 a
1331 751 1521 789 conspectu
1546 749 1656 789 regio,
1683 748 1744 790 qui

261 795 312 826 sic
340 797 393 826 est
418 805 516 827 orsus
542 795 607 826 fari
641 805 730 827 voce
766 795 921 836 lugubri:
973 794 1089 825 ‘Pater
1123 795 1323 834 carissime,
1356 805 1459 836 quem
1493 796 1682 837 imperator
1707 797 1743 827 in

259 842 416 874 secundo
443 843 543 884 regni
571 842 722 874 culmine
751 843 894 882 dicavit,
923 842 1094 884 deprecor
1120 843 1206 874 mihi
1231 843 1431 883 subvenire,
1465 845 1631 884 quoniam
1657 854 1742 885 qua-

261 889 341 921 dam
368 891 596 922 accusatione
624 890 808 923 damnatus
834 890 1011 933 nugecula
1038 901 1080 921 ac
1106 891 1233 923 iniuste
1261 892 1334 922 acri
1351 901 1538 933 percussus
1557 892 1743 932 sententia,

259 938 435 980 imperiali
462 949 537 970 sum
564 939 722 981 privatus
750 940 875 980 gratia.
922 939 1024 970 Nunc
1052 949 1134 980 ergo
1158 938 1288 971 adiuva
1313 950 1380 979 me,
1407 950 1522 971 meam
1550 939 1743 972 condolens

260 986 507 1026 obiectionem,
534 988 812 1029 recompensabo
841 988 932 1019 enim
959 991 994 1018 te
1018 988 1140 1029 quovis
1167 987 1333 1020 munere'.
1375 987 1440 1020 Cui
1467 987 1545 1019 ille:
1573 988 1623 1020 ‘Si
1648 987 1743 1029 felix,

259 1034 389 1076 inquit,
425 1038 625 1067 sanctorum
662 1036 864 1078 corporibus
898 1047 953 1067 me
987 1035 1149 1067 habendo
1184 1035 1328 1077 aliquod
1362 1035 1503 1068 felicem
1539 1036 1678 1077 feceris,
1709 1039 1743 1068 te

259 1082 406 1114 reddam
432 1083 703 1116 benevolentiae
730 1085 899 1126 pristinae
926 1084 1042 1126 regis'.
1094 1083 1149 1115 Ad
1176 1084 1265 1115 haec
1297 1083 1376 1115 ille:
1422 1084 1510 1116 ‘Non
1536 1084 1663 1123 audeo,
1691 1086 1743 1116 in-

261 1132 344 1173 quit,
370 1132 406 1162 in
433 1131 501 1163 hoc
527 1133 596 1164 tuis
624 1132 828 1164 satisfacere
854 1133 1115 1174 rogationibus3
1149 1132 1291 1164 condita
1318 1133 1410 1164 enim
1437 1136 1517 1165 sunt
1543 1136 1743 1165 sanctorum

261 1189 408 1221 corpora
435 1180 544 1211 sacris
571 1180 751 1221 altaribus,
774 1180 837 1213 sed
865 1185 917 1213 est
944 1181 1029 1212 mihi
1055 1191 1143 1212 unus
1172 1191 1255 1212 arca
1281 1181 1317 1212 in
1334 1180 1453 1222 lignea
1471 1182 1616 1223 positus,
1639 1191 1742 1223 quem

257 1227 353 1259 illius
380 1227 451 1259 loci
477 1228 616 1260 incolae
643 1240 778 1261 summo
805 1233 1015 1261 venerantur
1041 1229 1184 1268 honore,
1206 1229 1395 1270 Hymerius
1413 1230 1565 1269 nomine,
1592 1230 1621 1261 si
1649 1229 1744 1261 hunc

258 1276 323 1307 tibi
350 1275 477 1307 inferre
505 1276 659 1308 valerem
687 1279 822 1309 ratione
850 1277 979 1319 aliqua,
1008 1281 1041 1309 et
1060 1276 1104 1308 ad
1123 1280 1218 1309 tuam
1236 1288 1358 1319 posses
1376 1278 1563 1309 transferre
1582 1278 1744 1319 patriam,

258 1327 292 1355 te
319 1323 393 1355 fore
420 1324 626 1357 laetandum
654 1326 739 1365 scio,
768 1329 867 1358 tanto
894 1329 993 1368 patre
1016 1324 1145 1357 beato’.
1188 1326 1254 1357 His
1272 1336 1355 1357 vero
1374 1325 1494 1358 relatis
1513 1326 1742 1366 sermonibus,

259 1371 304 1403 ad
330 1371 495 1404 Ameriae
524 1373 691 1415 oppidum
719 1384 849 1406 venere
875 1375 1045 1416 protinus,
1074 1377 1108 1405 et
1134 1373 1228 1404 alma
1256 1373 1451 1405 calliditate
1482 1375 1631 1415 ingressi
1663 1377 1744 1406 sunt

259 1419 466 1459 ecclesiam,
503 1423 603 1463 quasi
639 1425 811 1453 nocturna
849 1422 1059 1453 celebraturi
1093 1422 1271 1462 mysteria.
1334 1422 1502 1454 Prostrati
1529 1432 1681 1464 namque
1707 1423 1743 1453 in

258 1468 427 1508 oratione,
467 1468 597 1501 diutius
632 1470 749 1502 multis
787 1470 965 1502 vacabant
995 1470 1084 1501 votis
1122 1473 1155 1501 et
1189 1470 1365 1512 precibus,
1405 1481 1472 1512 quo
1508 1471 1579 1502 suis
1610 1471 1742 1502 sanctis

256 1515 417 1547 faverent
442 1517 689 1558 petitionibus3
717 1519 775 1549 vix
795 1517 946 1559 expletis
966 1518 1194 1557 orationibus,
1220 1522 1314 1549 totus
1336 1518 1396 1549 ille
1418 1519 1627 1550 contremuit
1642 1518 1742 1551 locus

256 1564 292 1594 in
319 1574 387 1605 quo
413 1565 556 1596 iacebat
582 1565 616 1597 S.
639 1565 842 1606 Hymerius.
892 1565 939 1597 At
963 1565 1145 1607 praesules
1172 1567 1332 1607 quamvis
1359 1566 1569 1606 tremefacti,
1595 1569 1742 1598 tamena

257 1621 319 1653 spe
356 1611 502 1643 credula
537 1614 679 1655 propius
715 1618 795 1645 sunt
830 1615 1001 1655 aggressi.
1062 1613 1203 1645 Interea
1240 1614 1446 1646 custodibus
1482 1615 1583 1656 gravi
1620 1625 1742 1647 somno

257 1659 530 1700 dormientibus,
566 1661 729 1693 adierunt
765 1663 925 1704 episcopi
961 1661 1006 1692 ad
1042 1663 1155 1693 sancti
1190 1662 1350 1703 Hymerii
1386 1662 1621 1705 sepulchrum.
1675 1664 1743 1702 Qui

257 1707 338 1739 dum
367 1713 559 1751 coeperunt
585 1720 703 1741 arcam
730 1710 905 1751 frangere,
941 1710 1082 1741 beatum
1112 1720 1236 1753 corpus
1266 1715 1433 1742 conantes
1461 1711 1655 1751 extrahere,
1683 1721 1740 1743 ex·

255 1756 480 1797 pergefactus
520 1757 665 1799 quidam
705 1768 746 1789 ex
787 1758 991 1790 custodibus
1033 1759 1149 1800 coepit
1191 1757 1360 1790 clamare:
1414 1759 1566 1800 ‘Surgite
1605 1759 1742 1800 fratres,

256 1805 388 1846 surgite
416 1804 597 1845 velociter,
625 1806 726 1837 nobis
752 1806 849 1837 beati
866 1806 1027 1847 Hymerii
1055 1816 1180 1847 corpus
1207 1806 1362 1838 furatus.
1407 1807 1483 1846 Quo
1510 1807 1621 1839 Liuzo
1639 1818 1742 1850 prae-

256 1852 310 1884 sul
346 1854 510 1894 egregius
544 1853 677 1894 audito,
707 1854 843 1885 custodi
874 1864 1072 1894 occurrens,
1106 1853 1202 1885 illico
1235 1855 1267 1886 ei
1303 1854 1364 1886 dat
1388 1866 1541 1895 munera,
1576 1859 1610 1887 et
1638 1856 1742 1898 petiit

255 1900 452 1941 silentium3
479 1901 540 1933 ille
567 1912 649 1933 vero
677 1906 826 1944 accepto
853 1913 996 1934 munere
1023 1913 1156 1944 suoque
1184 1903 1258 1934 viso
1287 1904 1464 1946 episcopo,
1497 1908 1620 1936 tacens
1657 1914 1740 1936 con-

255 1947 337 1980 tulit
362 1949 565 1991 presidium.
617 1951 716 1981 Tunc
742 1950 920 1993 pontificis
949 1961 1073 1992 corpus
1109 1950 1273 1982 tollentes
1310 1951 1468 1991 celebre,
1505 1952 1742 1985 adoraverunt

254 2000 352 2028 tanto
389 1998 503 2038 gavisi
541 2009 697 2030 munere.
742 1998 943 2030 Condentes
978 2009 1061 2030 vero
1088 2000 1312 2031 sanctissima
1337 2000 1493 2031 membra
1518 2011 1602 2033 vase
1629 2002 1740 2042 puris-

257 2045 369 2085 simo,
406 2045 497 2077 clam
531 2047 692 2079 omnibus
729 2048 888 2078 exierunt
922 2048 966 2078 ab
995 2046 1137 2089 oppido.
1188 2047 1344 2079 Rediens
1379 2052 1496 2080 autem
1522 2049 1740 2091 praelibatus

255 2094 402 2126 antistes
422 2094 642 2135 Cremonam,
669 2106 789 2127 secum
808 2099 929 2137 optata
952 2095 1078 2127 obtulit
1096 2094 1239 2136 gaudia.
1280 2096 1347 2135 Qui
1366 2097 1541 2139 propriam
1560 2098 1740 2138 ingressus

255 2141 377 2173 urbem
412 2142 592 2174 advocans
628 2143 787 2185 plebem,
823 2144 958 2175 cunctis
993 2144 1190 2176 beatissimi
1224 2144 1384 2185 Hymerii
1413 2156 1538 2187 corpus
1574 2145 1738 2179 ostendit.

253 2189 424 2222 Prostrati
462 2192 590 2222 etenim
618 2193 653 2222 in
680 2193 839 2223 oratione
874 2191 1035 2234 populus,
1071 2192 1198 2223 obnixe
1225 2191 1421 2225 laudabant
1454 2193 1645 2234 dominum,
1680 2195 1740 2236 qui

253 2237 362 2270 talem
387 2237 458 2270 illis
484 2243 667 2281 patronum
696 2240 853 2273 dederat.
908 2240 1065 2282 Cumque
1092 2241 1128 2271 in
1155 2241 1269 2272 saneti
1294 2243 1402 2283 patris
1427 2241 1551 2275 laudes
1573 2243 1738 2284 persiste-

254 2290 341 2327 rent,
369 2286 511 2328 plurimi
537 2289 714 2330 petierunt
742 2288 943 2328 ecclesiam,
972 2292 1005 2320 et
1030 2289 1067 2319 in
1088 2289 1256 2321 honorem
1285 2290 1359 2322 eius
1386 2291 1553 2331 mysteria
1580 2291 1738 2322 celebra-

253 2344 349 2366 vere.
376 2336 475 2366 Tunc
493 2336 712 2368 reconditum
733 2343 785 2369 est
803 2341 1068 2369 sacrosanctum
1089 2347 1214 2379 corpus
1229 2338 1356 2370 scrinio
1373 2339 1538 2371 decorato
1555 2339 1737 2372 decentius

253 2386 334 2424 post
361 2389 507 2415 sanctae
536 2384 592 2416 dei
619 2386 800 2426 genitricis
828 2385 953 2425 altare,
990 2385 1083 2427 quod
1111 2385 1172 2417 illo
1205 2389 1361 2428 tempore
1397 2388 1576 2419 conditum
1600 2391 1675 2419 erat
1700 2388 1737 2419 in

255 2431 399 2463 australi
426 2436 525 2473 parte
552 2432 647 2465 illius
675 2433 863 2474 ecclesiae,
889 2434 950 2465 ubi
968 2434 1160 2476 permansit
1178 2433 1309 2466 diutius
1327 2445 1396 2467 non
1414 2435 1449 2465 in
1467 2435 1570 2467 altari
1592 2436 1737 2478 positus,

255 2480 338 2521 quia
372 2479 494 2512 deerat
530 2481 707 2512 condendi
739 2482 848 2522 locus,
881 2482 945 2514 sed
979 2485 1100 2514 tamen
1133 2486 1171 2514 ut
1205 2486 1347 2514 sanctus
1379 2493 1518 2525 semper
1543 2485 1577 2515 in
1605 2495 1735 2516 annum

256 2527 448 2560 colebatur.
498 2529 708 2562 Laudabilis
739 2534 854 2562 autem
891 2530 1070 2573 praefatus
1104 2531 1262 2573 pontifex
1295 2534 1394 2563 tanto
1430 2535 1530 2573 patre
1565 2532 1735 2574 gaudens,

254 2576 558 2609 animadvertebat
586 2578 736 2620 qualiter
762 2580 875 2611 sancti
903 2579 1071 2611 conderet
1096 2590 1244 2620 sacrum,
1271 2579 1333 2611 sed
1360 2584 1477 2611 tamen
1498 2591 1568 2613 non
1585 2581 1650 2613 fuit
1668 2581 1736 2614 hoc

253 2623 305 2655 illi
341 2625 470 2665 datum,
507 2626 589 2667 quia
621 2627 794 2669 imperiali
835 2628 976 2659 servitio
1011 2631 1154 2660 coactus
1191 2628 1531 2670 Constantinopolim
1569 2629 1735 2669 directus,

252 2671 338 2703 illuc
365 2673 515 2715 amplius
547 2674 642 2706 haud
679 2680 731 2707 est
760 2673 944 2707 reversus'.
1093 2674 1128 2718 1)
1155 2676 1250 2709 Mon.
1276 2677 1356 2709 hist.
1382 2681 1469 2719 patr.
1497 2678 1601 2718 XIII,
1630 2675 1736 2712 1197,

254 2718 291 2761 2)
321 2720 423 2752 Cont.
450 2722 642 2763 Reginonis
668 2735 702 2756 a.
728 2724 816 2755 965:
856 2725 966 2756 Liuzo
996 2724 1240 2757 Cremonensis
1269 2726 1467 2768 episcopus.

253 2832 282 2866 a)
305 2836 366 2859 tam
388 2835 428 2859 ed.
